cs,week,SALES,TREND,SEASON_NEGATIVE,SEASON_POSITIVE,ROUTE4_OUT1,ROUTE6_SDUM1,ROUTE6_SDUM2,ROUTE6_SDUM3,TOTAL_PRICE,REG_PRICE,TPR,TEMP_DEP,YT_VIEWS,YT_VIEWS_1,PAID_SEARCH_IMPS,DISPLAY_IMPS,EMAIL_OPEN,TV,TV_1,TV_2,TV_3,TV_4,TV_5,OOH_1,NEWS,NEWS_1,NEWS_2,RADIO,RADIO_1,RADIO_2,TOTAL_MAG,TOTAL_MAG_1,TOTAL_MAG_2,DEPARTURES,COMP1_OOH,COMP2_TV,COMP2_TMAG_1,COMP3_TV_1,PAID_SEARCH_CLK,DISPLAY_CLK,EMAIL,OTHER_WEB,GQV
ROUTE1,1/1/2013,7.897296473,0,0,0,0,0,0,0,-0.560996309,-0.308875057,0.216194829,-0.394654192,0,0,2.29782184,0,0.13105649,0,0,0,0,0,0,0,0,0,0,0,0,0,2.98109521,0,0,0,0.224,0,0,0,0,0,0,0,0
ROUTE1,1/8/2013,8.33014046,0,0,0,0,0,0,0,-0.413788834,-0.308875057,0.068987353,0,0.654803825,0,2.32129244,0,0.69067227,0,0,0,0,0,0,0.9765,0,0,0,0,0,0,0,2.98109521,0,0,0.784,0,2.936,0.028,0,0,0,0,0
ROUTE1,1/15/2013,8.256347773,0,0,0,0,0,0,0,-0.420664708,-0.308875057,0.075863228,0,1.024343545,0.654803825,1.9739773,0,0.69067227,0,0,0,0,0,0,0,0,0,0,0,0,0,0,0,2.98109521,0,0.784,7.411,0,0.719,0,0,0,0,0
ROUTE1,1/22/2013,8.25426877,0,0,0,0,0,0,0,-0.477268282,-0.308875057,0.132466802,0,0.859206075,1.024343545,1.97360305,0,0.69067227,0,0,0,0,0,0,0,0,0,0,0,0,0,0,0,0,0,0.784,4.504,1.624,0.719,0,0,0,0,0
ROUTE1,1/29/2013,8.361708289,0.013428814,0,0.190080732,0,0,0,0,-0.4205662,-0.308875057,0.075764719,0,0.760571424,0.859206075,2.08198672,0,0.66216028,0,0,0,0,0,0,0,0,0,0,0,0,0,0,0,0,0,0.785,7.284,0,0.719,0,0,0,0,0
ROUTE1,2/5/2013,8.321421587,0.008057647,0,0.141896084,0,0,0,0,-0.34480148,-0.308875057,0,0,0.5392577,0.760571424,2.19025601,0,0.47156361,0,0,0,0,0,0,0.4506,0,0,0,0,0,0,0,0,0,0,0.794,6.824,2.44,0.834,0,0,0,0,0
ROUTE1,2/12/2013,8.284756593,0.001893849,0,0.123721751,0,0,0,0,-0.391481124,-0.308875057,0.046679643,0,0.484784139,0.5392577,2.17665519,0,0.47156361,0,0,0,0,0,0,0.4506,0,0,0,0,0,0,0,0,0,0,0.794,8.781,3.072,0.834,0,0,0,0,0
ROUTE1,2/19/2013,8.217168596,0,0,0.043890377,0,0,0,0,-0.385159684,-0.308875057,0.040358204,-0.021978907,0.360585782,0.484784139,2.10030547,0,0.47156361,0,0,0,0,0,0,0.4506,0,0,0,0,0,0,0,0,0,0,0.794,10.307,1.328,0.834,0,0,0,0,0
ROUTE1,2/26/2013,8.437283808,0.042629177,0,0.183393574,0,0,0,0,-0.383301306,-0.308875057,0.038499825,0,0.519875459,0.360585782,2.00821898,0,0.46297348,0,0,0,0,0,0,0.4506,0,0,0,0,0,0,0,0,0,0.032088315,0.762,0,0,0.834,0,0,0,0,0
ROUTE1,3/5/2013,8.394347361,0.017617789,0,0.227093588,0,0,0,0,-0.304244867,-0.268318444,0,0,1.046603785,0.519875459,2.0118178,0,0.40982291,2.220971298,0,0,0,0,0,0.4506,4.7738,0,0,2.9766,0,0,0,0,0,0.16034265,0.541,0,1.741,0.081,0,0,0,0,0
ROUTE1,3/12/2013,8.324336333,0.026395082,0,0.183646523,0,0,0,0,-0.239419487,-0.203493064,0,0,0.817180237,1.046603785,1.90902131,0,0.40982291,3.883681838,2.220971298,0,0,0,0,0.556,2.7495,4.7738,0,2.9766,2.9766,0,0,0,0,0.16034265,0.541,0,0,0.081,0,0,0,0,0
ROUTE1,3/19/2013,8.196712407,0,0,0.073117008,0,0,0,0,-0.247076383,-0.203493064,0.007656896,0,1.047428981,0.817180237,1.19395443,0,0.40982291,3.332815448,3.883681838,2.220971298,0,0,0,0.556,4.9435,2.7495,4.7738,2.9766,2.9766,2.9766,2.5355022,0,0,0.16034265,0.541,0,1.426,0.081,0,0,0,0,0
ROUTE1,3/26/2013,8.267705665,0,0,0.085495827,0,0,0,0,-0.394976644,-0.203493064,0.155557158,0,0.817872278,1.047428981,0.85767065,0,0.40982291,0,3.332815448,3.883681838,2.220971298,0,0,0.556,0,4.9435,2.7495,0,2.9766,2.9766,0,2.5355022,0,0.16034265,0.541,0,0,0.081,0,0,0,0,0
ROUTE1,4/2/2013,8.38685669,0.023881567,0,0.10837042,0,0,0,0,-0.3832694,-0.203493064,0.143849913,0,0.738348287,0.817872278,0.96843907,0,0.6079365,0,0,3.332815448,3.883681838,2.220971298,0,0.556,1.8322,0,4.9435,0,0,2.9766,1.216531225,0,2.5355022,0.16034265,0.442,6.486,0,0.773,0,0,0,0,0
ROUTE1,4/9/2013,8.348064228,0.013972803,0,0.091961407,0,0,0,0,-0.370738169,-0.203493064,0.131318682,0,0.863180907,0.738348287,1.04752895,0,0.67735932,3.125597738,0,0,3.332815448,3.883681838,2.220971298,2.2132,4.9435,1.8322,0,3.034,0,0,1.67618516,1.216531225,0,0.16034265,0.399,7.901,1.184,0.665,0,0,0,0,0
ROUTE1,4/16/2013,8.280964401,0.024701128,0,0.041994435,0,0,0,0,-0.286609656,-0.203493064,0.047190169,0,0.96164164,0.863180907,0.9084987,0,0.67735932,3.162619438,3.125597738,0,0,3.332815448,3.883681838,2.2132,2.5253,4.9435,1.8322,3.034,3.034,0,0,1.67618516,1.216531225,0.16034265,0.399,8.271,0,0.665,0,0,0,0,0
ROUTE1,4/23/2013,8.219326094,0,0,0.044674895,0,0,0,0,-0.288182353,-0.203493064,0.048762867,0,1.25678532,0.96164164,1.02926352,0,0.67735932,3.162619438,3.162619438,3.125597738,0,0,3.332815448,2.2132,4.7333,2.5253,4.9435,3.034,3.034,3.034,1.74454094,0,1.67618516,0.16034265,0.399,8.554,1.021,0,0,0,0,0,0
ROUTE1,4/30/2013,8.23004431,0,0,0.089300822,0,0,0,0,-0.282988954,-0.203493064,0.043569467,0,0.857545221,1.25678532,1.0684381,0,0.64214698,0,3.162619438,3.162619438,3.125597738,0,0,2.2132,2.9308,4.7333,2.5253,0,3.034,3.034,4.02688681,1.74454094,0,0.16034265,0.906,8.533,0,0,0,0,0,0,0
ROUTE1,5/7/2013,8.108623268,0,0,0.132823323,0,0,0,0,-0.165189673,-0.12926325,0,0,0.9610423,0.857545221,1.1527319,0,0.59318132,0,0,3.162619438,3.162619438,3.125597738,0,1.9389,3.4914,2.9308,4.7333,0,0,3.034,2.53547936,4.02688681,1.74454094,0.16034265,1.331,8.69,1.446,0,0,0,0,0,0
ROUTE1,5/14/2013,8.128290172,0,0,0.107844763,0,0,0,0,-0.203285453,-0.12926325,0.03809578,-0.018868484,1.076958419,0.9610423,1.26091389,0,0.59318132,3.154995218,0,0,3.162619438,3.162619438,3.125597738,2.3468,4.8876,3.4914,2.9308,3.034,0,0,1.188212316,2.53547936,4.02688681,0.151040257,1.331,9.119,0,0,0,0,0,0,0
ROUTE1,5/21/2013,8.147288259,0.03771522,-0.04047,0,0,0,0,0,-0.197706456,-0.12926325,0.032516782,0,1.180822888,1.076958419,1.42411392,0,0.59318132,3.154995218,3.154995218,0,0,3.162619438,3.162619438,2.3468,4.1756,4.8876,3.4914,3.034,3.034,0,2.95524333,1.188212316,2.53547936,0.151040257,1.331,8.852,1.784,0,0,0,0,0,0
ROUTE1,5/28/2013,8.07059354,0,-0.022996259,0,0,0,0,0,-0.233054185,-0.12926325,0.067864512,0,0.745439192,1.180822888,1.24194541,0,0.59318132,0,3.154995218,3.154995218,0,0,3.162619438,2.255,0,4.1756,4.8876,0,3.034,3.034,3.76845532,2.95524333,1.188212316,0.09333194,1.331,8.912,0,0.032,0,0,0,0,0
ROUTE1,6/4/2013,8.118505068,0.006451036,0,0.06410302,0,0,0,0,-0.164882351,-0.128955928,0,-0.032088315,0.596111375,0.745439192,1.34957029,0,0.56416793,0,0,3.154995218,3.154995218,0,0,1.4238,3.8547,0,4.1756,0,0,3.034,2.39337993,3.76845532,2.95524333,0.032088315,1.311,7.6,1.822,0.807,0,0,0,0,0
ROUTE1,6/11/2013,8.081165778,0,0,0.006520166,0,0,0,0,-0.1529222,-0.116995777,0,-0.010582109,0.541996177,0.596111375,1.39908736,0,0.56416793,0,0,0,3.154995218,3.154995218,0,1.4238,0,3.8547,0,0,0,0,0,2.39337993,3.76845532,0.032088315,1.311,0,0,0.807,0,0,0,0,0
ROUTE1,6/18/2013,8.059592329,0,-0.031932184,0,0,0,0,0,-0.150525019,-0.116995777,0,-0.010582109,0.642925742,0.541996177,1.35359235,0,0.56416793,0.557353058,0,0,0,3.154995218,3.154995218,1.4238,0,0,3.8547,0,0,0,0.965081943,0,2.39337993,0.032088315,1.311,0,1.021,0.115,0,0,0,0,0
ROUTE1,6/25/2013,7.934513464,0,-0.132328447,0,0,0,0,0,-0.151074193,-0.11514777,0,-0.010582109,1.558969224,0.642925742,1.40720678,0,0.56416793,0.557353058,0.557353058,0,0,0,3.154995218,0.8173,2.0299,0,0,0,0,0,1.67618516,0.965081943,0,0.032088315,1.311,0,0,0,0,0,0,0,0
ROUTE1,7/2/2013,7.885329239,0.020268286,-0.157425999,0,0,0,0,0,-0.174724576,-0.138798153,0,-0.099529595,0.547450736,1.558969224,1.01393687,0,0.45824685,0.586349738,0.557353058,0.557353058,0,0,0,0.8173,0,2.0299,0,0,0,0,3.96048314,1.67618516,0.965081943,0.032088315,0.699,0,0,0,0,0,0,0,0
ROUTE1,7/9/2013,8.12474302,0.03403614,-0.03397628,0,0,0,0,0,-0.181219485,-0.145293062,0,-0.010582109,0.704059214,0.547450736,1.29863722,0,0.41252365,0.586349738,0.586349738,0.557353058,0.557353058,0,0,0.8173,0,0,2.0299,0,0,0,0,3.96048314,1.67618516,0.032088315,0.287,0,2,4.805,0,0,0,0,0
ROUTE1,7/16/2013,8.266935348,0.104372214,-0.045857411,0,0,0,0,0,-0.205385788,-0.169459365,0,-0.010582109,0.670558544,0.704059214,1.22048774,0,0.41252365,0,0.586349738,0.586349738,0.557353058,0.557353058,0,0.8173,0,0,0,0,0,0,1.77618912,0,3.96048314,0.032088315,0.287,0,0,4.383,0,0,0,0,0
ROUTE1,7/23/2013,8.25426877,0.090008866,-0.045901773,0,0,0,0,0,-0.265589495,-0.173341402,0.056321671,0,0.64457251,0.670558544,1.19727714,0,0.41252365,0,0,0.586349738,0.586349738,0.557353058,0.557353058,0.4506,0,0,0,0,0,0,1.67685922,1.77618912,0,0.032088315,0.287,0,1.714,4.86,0,0,0,0,0
ROUTE1,7/30/2013,8.271548375,0.098993431,-0.016584942,0,0,0,0,0,-0.253425539,-0.173341402,0.044157714,0,0.582198107,0.64457251,1.27164798,0,0.38483896,0,0,0,0.586349738,0.586349738,0.557353058,0.4506,1.3368,0,0,0,0,0,1.59482718,1.67685922,1.77618912,0.021506205,0.245,0,0,0,0,0,0,0,0
ROUTE1,8/6/2013,8.252185436,0.056634447,0,0.012543375,0,0,0,0,-0.272216492,-0.173341402,0.062948668,0,0.502483717,0.582198107,1.24539634,0,0.31207613,0,0,0,0,0.586349738,0.586349738,0.4506,1.3368,1.3368,0,0,0,0,0,1.59482718,1.67685922,0.021506205,0.133,4.466,2.183,5.842,0,0,0,0,0
ROUTE1,8/13/2013,8.129469765,0.06707008,-0.04538203,0,0,0,0,0,-0.232382691,-0.173341402,0.023114867,0,0.496300582,0.502483717,1.17916568,0,0.31207613,2.220971298,0,0,0,0,0.586349738,0.4506,0,1.3368,1.3368,2.4018,0,0,0,0,1.59482718,0.021506205,0.133,6.217,0,5.368,0,0,0,0,0
ROUTE1,8/20/2013,8.163940955,0.060574191,-0.069767925,0,0,0,0,0,-0.275391321,-0.173341402,0.066123496,0,0.554677506,0.496300582,1.60722688,0,0.31207613,2.220971298,2.220971298,0,0,0,0,0.4506,0,0,1.3368,2.4018,2.4018,0,0,0,0,0.021506205,0.133,5.676,2.29,5.66,0,0,0,0,0
ROUTE1,8/27/2013,8.126222529,0.046753029,-0.120827633,0,0,0,0,0,-0.329908122,-0.173341402,0.120640297,0,0.414825551,0.554677506,2.14308087,0,0.31207613,2.220971298,2.220971298,2.220971298,0,0,0,0.4506,1.3368,0,0,2.4018,2.4018,2.4018,3.15119629,0,0,0.021506205,0.133,6.378,0,5.551,0,0,0,0,0
ROUTE1,9/3/2013,8.164794804,0.064116721,-0.048336525,0,0,0,0,0,-0.287578911,-0.173341402,0.078311086,-0.100643526,1.020396542,0.414825551,1.99908506,0,0.48572018,2.810967148,2.220971298,2.220971298,2.220971298,0,0,0.4506,4.1763,1.3368,0,2.1502,2.4018,2.4018,1.159113251,3.15119629,0,0.021506205,1.207,6.042,2.277,5.775,0,0,0,0,0
ROUTE1,9/10/2013,8.367996885,0.081489715,0,0.021489822,0,0,0,0,-0.29246501,-0.173341402,0.083197185,-0.021506205,0.356753311,1.020396542,2.00977847,0,0.51194072,2.895540918,2.810967148,2.220971298,2.220971298,2.220971298,0,0.4506,4.1756,4.1763,1.3368,2.1502,2.1502,2.4018,1.63254399,1.159113251,3.15119629,0.021506205,1.311,5.496,0,6.559,0,0,0,0,0
ROUTE1,9/17/2013,8.319961022,0.061793124,-0.014195307,0,0,0,0,0,-0.255012113,-0.173341402,0.045744289,0,0.616624915,0.356753311,2.20999367,0,0.51194072,3.307234688,2.895540918,2.810967148,2.220971298,2.220971298,2.220971298,2.4705,4.8979,4.1756,4.1763,2.9771,2.1502,2.1502,2.36965325,1.63254399,1.159113251,0.021506205,1.311,8.395,1.549,5.703,0,0,0,0,0
ROUTE1,9/24/2013,8.24143969,0,0,0.00323797,0,0,0,0,-0.209267825,-0.173341402,0,0,0.475571953,0.616624915,2.31298497,0,0.51194072,3.176639248,3.307234688,2.895540918,2.810967148,2.220971298,2.220971298,2.4806,0,4.8979,4.1756,2.9356,2.9771,2.1502,1.63643157,2.36965325,1.63254399,0.021506205,1.311,7.591,0,2.57,0,0,0,0,0
ROUTE1,10/1/2013,8.294299609,0,0,0.045754411,0,0,0,0,-0.24285095,-0.173341402,0.033583125,0,0.600419869,0.475571953,2.33334622,0,0.40869303,3.150863478,3.176639248,3.307234688,2.895540918,2.810967148,2.220971298,2.4806,4.0785,0,4.8979,3.0357,2.9356,2.9771,4.18452977,1.63643157,2.36965325,0.021506205,1.297,8.269,0,5.081,0,0,0,0,0
ROUTE1,10/8/2013,8.277666161,0,0,0.029935491,0,0,0,0,-0.224803323,-0.173341402,0.015535498,0,0.452910885,0.600419869,2.27632304,0,0.32359853,2.649008198,3.150863478,3.176639248,3.307234688,2.895540918,2.810967148,2.4806,0,4.0785,0,2.2795,3.0357,2.9356,3.03678315,4.18452977,1.63643157,0.021506205,1.287,9.295,2.049,5.565,0,0,0,0,0
ROUTE1,10/15/2013,8.151621647,0,-0.058444079,0,0,0,0,0,-0.231380386,-0.173341402,0.022112561,0,0.446412487,0.452910885,2.32101634,0,0.32359853,3.150863478,2.649008198,3.150863478,3.176639248,3.307234688,2.895540918,1.956,4.6169,0,4.0785,3.0542,2.2795,3.0357,1.74454094,3.03678315,4.18452977,0.021506205,1.287,8.802,0,5.204,0,0,0,0,0
ROUTE1,10/22/2013,8.324821299,0,0,0.041474297,0,0,0,0,-0.274069692,-0.173341402,0.064801868,0,0.942892981,0.446412487,2.44059616,0,0.32359853,3.150863478,3.150863478,2.649008198,3.150863478,3.176639248,3.307234688,1.9389,1.1238,4.6169,0,3.0542,3.0542,2.2795,2.0961435,1.74454094,3.03678315,0.021506205,1.287,8.825,1.549,3.173,0,0,0,0,0
ROUTE1,10/29/2013,8.366602833,0.004477925,0,0.079720609,0,0,0,0,-0.280333738,-0.173341402,0.071065913,-0.043485112,1.657481418,0.942892981,2.47821314,0,0.37918223,0,3.150863478,3.150863478,2.649008198,3.150863478,3.176639248,1.9389,4.2218,1.1238,4.6169,0,3.0542,3.0542,3.26708445,2.0961435,1.74454094,0.021506205,1.184,8.901,0,1.677,0,0,0,0,0
ROUTE1,11/5/2013,8.352082671,0.020440812,0,0.088034721,0,0,0,0,-0.222047091,-0.173341402,0.012779266,0,4.214215281,1.657481418,2.4337573,0,0.66014397,0,0,3.150863478,3.150863478,2.649008198,3.150863478,1.9389,4.3804,4.2218,1.1238,0,0,3.0542,0,3.26708445,2.0961435,0.021506205,0.139,9.249,1.426,6.109,0,0,0,0,0
ROUTE1,11/12/2013,8.268475389,0.044058381,0,0.037736027,0,0,0,0,-0.218501786,-0.173341402,0.009233961,0,0.921917505,4.214215281,2.38785325,0,0.66014397,0,0,0,3.150863478,3.150863478,2.649008198,0.9785,4.358,4.3804,4.2218,0,0,0,0,0,3.26708445,0.021506205,0.139,8.628,0,4.308,0,0,0,0,0
ROUTE1,11/19/2013,8.074337694,0,-0.066218661,0,0,0,0,0,-0.214921995,-0.173341402,0.00565417,0,0.463812876,0.921917505,2.38984841,0,0.66014397,0,0,0,0,3.150863478,3.150863478,0.9785,2.6011,4.358,4.3804,0,0,0,0,0,0,0.021506205,0.139,9.029,1.641,4.796,0,0,0,0,0
ROUTE1,11/26/2013,7.817625443,0.026379559,-0.233957631,0,0,0,0,0,-0.203761291,-0.167834868,0,-0.161268148,0.215591596,0.463812876,2.27263816,0,0.66014397,0,0,0,0,0,3.150863478,0.9785,2.567,2.6011,4.358,0,0,0,2.22658212,0,0,0.021506205,0.139,8.266,0,5.686,0,0,0,0,0
ROUTE1,12/3/2013,8.121777419,0.044134273,-0.028323907,0,0,0,0,0,-0.096447422,-0.167834868,0,0,2.022605775,0.215591596,2.47936407,0,0.35223598,0,0,0,0,0,0,0.9785,0.568,2.567,2.6011,0,0,0,0,2.22658212,0,0.021506205,0.124,8.691,2.377,1.843,0,0,0,0,0
ROUTE1,12/10/2013,8.015327309,0.091435559,-0.104492741,0,0,0,0,0,-0.138298109,-0.102371686,0,0,1.336278917,2.022605775,2.38480651,0,0.29025847,0,0,0,0,0,0,0.8543,1.1238,0.568,2.567,0,0,0,0,0,2.22658212,0.021506205,0.122,5.024,0,0.908,0,0,0,0,0
ROUTE1,12/17/2013,7.928406026,0.1107273,-0.277713224,0,0,0,0,0,-0.227842106,-0.191915683,0,0,0.961941176,1.336278917,2.15684555,0,0.29025847,0,0,0,0,0,0,0.8543,0,1.1238,0.568,0,0,0,0,0,0,0.021506205,0.122,4.267,1.659,1.856,0,0,0,0,0
ROUTE1,12/24/2013,8.382747095,0.083694197,-0.590482133,0,0,0,0,0,-1.336528496,-0.191915683,1.10868639,-0.065957968,0.637969102,0.961941176,2.30027132,0,0.29025847,0,0,0,0,0,0,0.8543,0,0,1.1238,0,0,0,0,0,0,0.021506205,0.122,5.627,0,1.856,0,0,0,0,0
ROUTE1,12/31/2013,8.149601736,0.084534435,-0.501420202,0,0,0,0,0,-0.714182756,-0.191915683,0.48634065,-0.124454174,0.375770455,0.637969102,2.49804915,0,0.3991529,0,0,0,0,0,0,2.2164,0,0,0,0,0,0,0,0,0,0.021506205,0.072,5.161,0,1.744,0,0,0,0,0
ROUTE1,1/7/2014,8.497602542,0.01771949,0,0.149362104,0,0,0,0,-0.380595105,-0.191915683,0.152752999,-0.021506205,0.33960213,0.375770455,2.58705461,0,0.52804428,0,0,0,0,0,0,0.8732,3.4914,0,0,0,0,0,0,0,0,0.021506205,0,4.509,1.549,0.192,0,0,0,0,0
ROUTE1,1/14/2014,8.482394686,0.032886355,0,0.127566972,0,0,0,0,-0.428153418,-0.191915683,0.200311312,-0.021506205,0.131275716,0.33960213,2.48084065,0,0.52804428,0,0,0,0,0,0,0.8732,0,3.4914,0,0,0,0,0,0,0,0.021506205,0,5.636,0,0.192,0,0,0,0,0
ROUTE1,1/21/2014,8.507748733,0.050945311,0,0.110250784,0,0,0,0,-0.430063373,-0.191915683,0.202221267,-0.021506205,0.658461623,0.131275716,2.26558769,0,0.52804428,0,0,0,0,0,0,0.8732,0,0,3.4914,0,0,0,0,0,0,0.021506205,0,3.968,1.426,0.192,0,0,0,0,0
ROUTE1,1/28/2014,8.470520783,0,0,0.190080732,0,0,0,0,-0.415117356,-0.191915683,0.18727525,-0.021506205,3.770813307,0.658461623,2.25841573,0,0.52804428,0,0,0,0,0,0,0.8732,1.0378,0,0,0,0,0,0,0,0,0.021506205,0,0,0,0.192,0,0,0,0,0
ROUTE1,2/4/2014,8.469891918,0,0,0.141896084,0,0,0,0,-0.409459962,-0.191915683,0.181617856,-0.043485112,1.903720411,3.770813307,2.34033217,0,0.12622098,0,0,0,0,0,0,0.8732,0,1.0378,0,0,0,0,0,0,0,0.021506205,0.18,2.955,2.248,0.249,0,0,0,0,0
ROUTE1,2/11/2014,8.526351129,0,0,0.123721751,0,0,0,0,-0.361687236,-0.191915683,0.13384513,-0.021506205,0.627563181,1.903720411,2.49924014,0,0.12622098,0,0,0,0,0,0,0.8732,3.3642,0,1.0378,0,0,0,0,0,0,0.021506205,0.18,2.77,0,6.66,0,0,0,0,0
ROUTE1,2/18/2014,8.417151837,0.036240014,0,0.043890377,0,0,0,0,-0.297366275,-0.191915683,0.069524169,-0.043485112,0.564084071,0.627563181,2.38069626,0,0.12622098,0,0,0,0,0,0,0.8732,0,3.3642,0,0,0,0,0,0,0,0.021506205,0.18,2.572,2.034,7.127,0,0,0,0,0
ROUTE1,2/25/2014,8.534050308,0.030128395,0,0.183393574,0,0,0,0,-0.269246198,-0.191915683,0.041404092,-0.010695289,0.346276237,0.564084071,2.54727392,0,0.12622098,0,0,0,0,0,0,0.8732,0,0,3.3642,0,0,0,0,0,0,0.021506205,0.18,0,1.808,7.285,0,0,0,0,0
ROUTE1,3/4/2014,8.586159396,0.041498025,0,0.227093588,0,0,0,0,-0.315255131,-0.191915683,0.087413025,0,0.372535951,0.346276237,2.57449603,0,0,2.588024378,0,0,0,0,0,0.8732,3.026,0,0,0,0,0,0,0,0,0.021506205,1.315,0,0,5.12,0,0,0,0,0
ROUTE1,3/11/2014,8.518592212,0,0,0.183646523,0,0,0,0,-0.292955597,-0.191915683,0.06511349,0,0.455399067,0.372535951,2.52358372,0,0,2.588024378,2.588024378,0,0,0,0,2.3544,3.4914,3.026,0,2.2753,0,0,1.058627126,0,0,0.021506205,1.315,0,0,4.329,0,0,0,0,0
ROUTE1,3/18/2014,8.419580363,0.023156262,0,0.073117008,0,0,0,0,-0.226894819,-0.190968396,0,0,0.753956185,0.455399067,2.37135094,1.359143372,0,2.518412068,2.588024378,2.588024378,0,0,0,2.3544,0,3.4914,3.026,2.2753,2.2753,0,2.90229503,1.058627126,0,0.021506205,1.315,0,1.549,2.296,0,0,0,0,0
ROUTE1,3/25/2014,8.482601747,0.06308449,0,0.085495827,0,0,0,0,-0.224274938,-0.188348515,0,0,0.673759828,0.753956185,2.45328579,11.56021246,0,0,2.518412068,2.588024378,2.588024378,0,0,2.3544,3.3299,0,3.4914,0,2.2753,2.2753,0,2.90229503,1.058627126,0.021506205,1.315,3.581,0,1.95,0,0,0,0,0
ROUTE1,4/1/2014,8.400434631,0.040706895,0,0.10837042,0,0,0,0,-0.130176973,-0.09425055,0,0,0.643337688,0.673759828,2.44729945,11.5883973,0.10877986,0,0,2.518412068,2.588024378,2.588024378,0,2.6424,3.026,3.3299,0,0,0,2.2753,3.96250215,0,2.90229503,0.122602322,1.329,0,2.65,0.206,0,0,0,0,0
ROUTE1,4/8/2014,8.372860821,0.050946963,0,0.091961407,0,0,0,0,-0.145342726,-0.09425055,0.015165753,0,0.49820716,0.643337688,2.31198325,11.83927083,0.1832416,2.761079338,0,0,2.518412068,2.588024378,2.588024378,2.3476,4.6167,3.026,3.3299,2.3535,0,0,2.19787554,3.96250215,0,0.16034265,1.34,2.302,1.785,0,0,0,0,0,0
ROUTE1,4/15/2014,8.296297113,0.049129452,0,0.041994435,0,0,0,0,-0.126881727,-0.090955304,0,-0.018692133,0.767143189,0.49820716,2.31512138,12.24334589,0.1832416,2.761079338,2.761079338,0,0,2.518412068,2.588024378,2.3152,3.3299,4.6167,3.026,2.3535,2.3535,0,2.66634753,2.19787554,3.96250215,0.16034265,1.34,3.157,0,0,0,0,0,0,0
ROUTE1,4/22/2014,8.364508104,0.089581823,0,0.044674895,0,0,0,0,-0.137901752,-0.090955304,0.011020026,0,0.40441963,0.767143189,2.31148863,12.12475819,0.1832416,2.584232578,2.761079338,2.761079338,0,0,2.518412068,2.3152,0,3.3299,4.6167,2.3535,2.3535,2.3535,1.99034219,2.66634753,2.19787554,0.16034265,1.34,1.874,1.021,0,0,0,0,0,0
ROUTE1,4/29/2014,8.422222954,0.130027403,0,0.089300822,0,0,0,0,-0.112599008,-0.076672585,0,0,0.392846644,0.40441963,2.31991946,12.12871864,0.25299211,0.154141905,2.584232578,2.761079338,2.761079338,0,0,2.0206,3.3299,0,3.3299,0,2.3535,2.3535,4.05565635,1.99034219,2.66634753,0.16034265,1.119,3.897,0,0,0,0,0,0,0
ROUTE1,5/6/2014,8.629986019,0.150342593,0,0.132823323,0,0,0,0,-0.209160855,-0.076672585,0.096561847,0,0.368749093,0.392846644,1.84745405,12.38021171,0.40865636,2.584232578,0.154141905,2.584232578,2.761079338,2.761079338,0,1.3564,4.8996,3.3299,0,2.3549,0,2.3535,3.12348073,4.05565635,1.99034219,0.16034265,0.163,2.583,3.052,0.057,0,0,0,0,0
ROUTE1,5/13/2014,8.413830678,0.049760532,0,0.107844763,0,0,0,0,-0.128037242,-0.076672585,0.015438234,0,0.207982174,0.368749093,0.88521652,12.48489672,0.40865636,2.584232578,2.584232578,0.154141905,2.584232578,2.761079338,2.761079338,1.2018,3.5303,4.8996,3.3299,2.4017,2.3549,0,2.1206951,3.12348073,4.05565635,0.16034265,0.163,3.441,1.957,0.057,0,0,0,0,0
ROUTE1,5/20/2014,8.14293601,0,-0.04047,0,0,0,0,0,-0.107370537,-0.071444114,0,0,0.71178126,0.207982174,0.81272508,12.35922543,0.40865636,0.154141905,2.584232578,2.584232578,0.154141905,2.584232578,2.761079338,1.2018,2.246,3.5303,4.8996,0,2.4017,2.3549,1.65119663,2.1206951,3.12348073,0.16034265,0.163,0,0,0.057,0,0,0,0,0
ROUTE1,5/27/2014,8.111928063,0,-0.022996259,0,0,0,0,0,-0.035926423,0,0,0,0.448916871,0.71178126,0.66062679,12.41702027,0.40865636,0.154141905,0.154141905,2.584232578,2.584232578,0.154141905,2.584232578,1.0509,2.6846,2.246,3.5303,0,0,2.4017,2.86723259,1.65119663,2.1206951,0.141650517,0.163,2.554,0,0.057,0,0,0,0,0
ROUTE1,6/3/2014,8.410275909,0.108874641,0,0.06410302,0,0,0,0,-0.110243111,0,0.074316688,0,0.413789818,0.448916871,0.59945944,12.51089624,0.5174301,0,0.154141905,0.154141905,2.584232578,2.584232578,0.154141905,1.0509,1.9355,2.6846,2.246,0,0,0,0,2.86723259,1.65119663,0.141650517,0.304,0,3.056,0.153,0,0,0,0,0
ROUTE1,6/10/2014,8.28878581,0.103020077,0,0.006520166,0,0,0,0,-0.065054944,0,0.029128522,0,0.364403621,0.413789818,1.70921874,12.45816788,0.53446201,0,0,0.154141905,0.154141905,2.584232578,2.584232578,1.0509,2.1557,1.9355,2.6846,0,0,0,3.2795683,0,2.86723259,0.141650517,0.326,0,0,6.238,0,0,0,0,0
ROUTE1,6/17/2014,8.151333338,0.054132209,-0.031932184,0,0,0,0,0,-0.064369627,0,0.028443205,0,0.520341334,0.364403621,2.52798124,12.77823471,0.53446201,0,0,0,0.154141905,0.154141905,2.584232578,1.0509,1.7743,2.1557,1.9355,0,0,0,1.71649327,3.2795683,0,0.141650517,0.326,0,0,6.006,0,0,0,0,0
ROUTE1,6/24/2014,8.033009499,0.036867554,-0.132328447,0,0,0,0,0,-0.072460115,0,0.036533692,0,0.450416496,0.520341334,2.60226501,10.75301481,0.53446201,0,0,0,0,0.154141905,0.154141905,0.8732,1.9908,1.7743,2.1557,0,0,0,0,1.71649327,3.2795683,0.141650517,0.326,0,0,5.991,0,0,0,0,0
ROUTE1,7/1/2014,7.854381211,0,-0.157425999,0,0,0,0,0,-0.05727409,0,0.021347668,-0.038466281,0.459862253,0.450416496,2.49783897,3.404762448,0.42455433,0,0,0,0,0,0.154141905,0.8732,0.2718,1.9908,1.7743,0,0,0,2.43411809,0,1.71649327,0.141650517,0.592,0,0,5.92,0,0,0,0,0
ROUTE1,7/8/2014,8.021584533,0.000588526,-0.03397628,0,0,0,0,0,0,0,0,0,0.542451862,0.459862253,2.62498927,2.929287174,0.33339115,0,0,0,0,0,0,0.8732,0.8074,0.2718,1.9908,0,0,0,0,2.43411809,0,0.141650517,0.754,0,2.691,6.448,0,0,0,0,0
ROUTE1,7/15/2014,8.069655307,0.014384974,-0.045857411,0,0,0,0,0,-0.090725376,-0.040363046,0.014435908,0,0.442392381,0.542451862,2.29748891,2.327277706,0.33339115,0,0,0,0,0,0,0.8732,1.7743,0.8074,0.2718,0,0,0,0,0,2.43411809,0.141650517,0.754,0,0,6.388,0,0,0,0,0
ROUTE1,7/22/2014,8.112227958,0.065746574,-0.045901773,0,0,0,0,0,-0.076289469,-0.040363046,0,0,0.306123826,0.442392381,2.01138986,2.269914311,0.33339115,0,0,0,0,0,0,0.8732,1.9908,1.7743,0.8074,0,0,0,0,0,0,0.141650517,0.754,0,0,5.217,0,0,0,0,0
ROUTE1,7/29/2014,8.237479289,0.103094546,-0.016584942,0,0,0,0,0,-0.124353628,-0.088427205,0,0,0.471178487,0.306123826,2.68208822,9.03577012,0.32283191,0,0,0,0,0,0,0.8732,0,1.9908,1.7743,0,0,0,1.84589159,0,0,0.141650517,0.688,0,0,0,0,0,0,0,0
ROUTE1,8/5/2014,8.300528606,0.091289719,0,0.012543375,0,0,0,0,-0.176209042,-0.126099941,0.014182678,0,0.500585282,0.471178487,2.57556511,8.8983217,0.25702209,0.287666617,0,0,0,0,0,0.8732,0.2718,0,1.9908,0,0,0,1.71649327,1.84589159,0,0.141650517,0.163,0,2.304,0,0,0,0,0,0
ROUTE1,8/12/2014,8.204945165,0.054733069,-0.04538203,0,0,0,0,0,-0.162026364,-0.126099941,0,0,0.334006144,0.500585282,2.55857492,9.50235945,0.25702209,0.287666617,0.287666617,0,0,0,0,0.8732,4.2624,0.2718,0,0,0,0,0,1.71649327,1.84589159,0.141650517,0.163,0,0.693,0,0,0,0,0,0
ROUTE1,8/19/2014,8.127699853,0.034950232,-0.069767925,0,0,0,0,0,-0.17103709,-0.135110667,0,0,1.213721371,0.334006144,2.63998575,7.91281537,0.25702209,0.287666617,0.287666617,0.287666617,0,0,0,0.8732,2.5505,4.2624,0.2718,0,0,0,1.041475518,0,1.71649327,0.141650517,0.163,0,0,0,0,0,0,0,0
ROUTE1,8/26/2014,8.124150603,0.041910385,-0.120827633,0,0,0,0,0,-0.220953947,-0.164805993,0.02022153,0,0.567200031,1.213721371,2.59587773,2.351375257,0.25702209,0.287666617,0.287666617,0.287666617,0.287666617,0,0,0.8732,0,2.5505,4.2624,0,0,0,2.90286865,1.041475518,0,0.141650517,0.163,0,0,3.025,0,0,0,0,0
ROUTE1,9/2/2014,8.166216269,0.008283077,-0.048336525,0,0,0,0,0,-0.200732416,-0.164805993,0,0,0.437344414,0.567200031,2.56297996,2.169053701,0.15005948,0.287666518,0.287666617,0.287666617,0.287666617,0.287666617,0,0.8732,0.2718,0,2.5505,0,0,0,3.70326669,2.90286865,1.041475518,0.16034265,1.66,0,0,5.847,0,0,0,0,0
ROUTE1,9/9/2014,8.31605572,0.001875636,0,0.021489822,0,0,0,0,-0.272002591,-0.164805993,0.071270175,0,0.223143551,0.437344414,2.57487779,11.79696009,0.10385107,0.287666518,0.287666518,0.287666617,0.287666617,0.287666617,0.287666617,0.8732,1.8322,0.2718,0,0,0,0,0,3.70326669,2.90286865,0.16034265,1.93,0,3.105,6.484,0,0,0,0,0
ROUTE1,9/16/2014,8.25426877,0,-0.014195307,0,0,0,0,0,-0.310007633,-0.164805993,0.109275217,0,0.195169699,0.223143551,2.58665212,12.67047535,0.10385107,0.287666518,0.287666518,0.287666518,0.287666617,0.287666617,0.287666617,1.6051,3.4071,1.8322,0.2718,0,0,0,1.70542219,0,3.70326669,0.16034265,1.93,0,0,5.209,0,0,0,0,0
ROUTE1,9/23/2014,8.269500767,0,0,0.00323797,0,0,0,0,-0.273378858,-0.164805993,0.072646442,0,0.856214549,0.195169699,2.56023616,12.91851935,0.10385107,0,0.287666518,0.287666518,0.287666518,0.287666617,0.287666617,1.701,3.5214,3.4071,1.8322,0,0,0,2.60674349,1.70542219,0,0.16034265,1.93,0,0,1.159,0,0,0,0,0
ROUTE1,9/30/2014,8.391629968,0.030705185,0,0.045754411,0,0,0,0,-0.279837089,-0.164805993,0.079104672,0,0.39496081,0.856214549,2.54104531,12.88776799,0.22579185,0,0,0.287666518,0.287666518,0.287666518,0.287666617,1.701,3.3326,3.5214,3.4071,0.4107,0,0,3.38742015,2.60674349,1.70542219,0.16034265,1.694,0,0,6.288,0,0,0,0,0
ROUTE1,10/7/2014,8.348537825,0,0,0.029935491,0,0,0,0,-0.314141754,-0.164805993,0.113409338,0,0.399175779,0.39496081,2.39767781,12.99782789,0.368216,0,0,0,0.287666518,0.287666518,0.287666518,1.701,4.8296,3.3326,3.5214,0.4107,0.4107,0,3.16931416,3.38742015,2.60674349,0.16034265,1.255,0,3.135,6.404,0,0,0,0,0
ROUTE1,10/14/2014,8.279697134,0.008577771,-0.058444079,0,0,0,0,0,-0.298141365,-0.164805993,0.097408948,0,0.377920994,0.399175779,2.30595123,13.01822917,0.368216,0,0,0,0,0.287666518,0.287666518,1.5176,3.6013,4.8296,3.3326,0,0.4107,0.4107,1.65439246,3.16931416,3.38742015,0.16034265,1.255,0,1.994,6.115,0,0,0,0,0
ROUTE1,10/21/2014,8.328451067,0.016932982,0,0.041474297,0,0,0,0,-0.274447359,-0.164805993,0.073714943,-0.009302393,0.551522219,0.377920994,2.25499034,12.74432762,0.368216,0,0,0,0,0,0.287666518,2.1332,4.7402,3.6013,4.8296,0,0,0.4107,2.2468763,1.65439246,3.16931416,0.16034265,1.255,0,0.947,6.129,0,0,0,0,0
ROUTE1,10/28/2014,8.383661799,0.024174359,0,0.079720609,0,0,0,0,-0.303238627,-0.164805993,0.102506211,0,0.410676167,0.551522219,1.97641413,13.11517295,0.368216,0,0,0,0,0,0,2.1332,3.5648,4.7402,3.6013,0.0053,0,0,4.03223379,2.2468763,1.65439246,0.16034265,1.255,0,0.947,5.756,0,0,0,0,0
ROUTE1,11/4/2014,8.357259153,0.003703227,0,0.088034721,0,0,0,0,-0.245458121,-0.164805993,0.044725705,0,0.515672791,0.410676167,1.99876839,13.06332634,0.32076459,0,0,0,0,0,0,2.1473,4.2434,3.5648,4.7402,0.0053,0.0053,0,0,4.03223379,2.2468763,0.141650517,0.602,0,3.814,5.855,0,0,0,0,0
ROUTE1,11/11/2014,8.295548516,0.012455428,0,0.037736027,0,0,0,0,-0.231528403,-0.164805993,0.030795986,0,0.378457907,0.515672791,2.01691448,11.29165471,0.32076459,0,0,0,0,0,0,2.1473,3.7488,4.2434,3.5648,1.7145,0.0053,0.0053,2.90407811,0,4.03223379,0.141650517,0.602,0,0,6.429,0,0,0,0,0
ROUTE1,11/18/2014,8.317033476,0.066594197,-0.066218661,0,0,0,0,0,-0.321893965,-0.164805993,0.121161549,0,0.405987438,0.378457907,2.00015172,11.26464495,0.32076459,0,0,0,0,0,0,2.1473,4.4021,3.7488,4.2434,1.5148,1.7145,0.0053,0.637743944,2.90407811,0,0.141650517,0.602,0,0,6.03,0,0,0,0,0
ROUTE1,11/25/2014,8.013343181,0.024532888,-0.233957631,0,0,0,0,0,-0.29751333,-0.164805993,0.096780914,-0.040005335,0.927512795,0.405987438,1.57716765,9.35615847,0.32076459,0,0,0,0,0,0,2.1473,0.9732,4.4021,3.7488,1.5148,1.5148,1.7145,1.139459387,0.637743944,2.90407811,0.103184236,0.602,0,0,1.571,0,0,0,0,0
ROUTE1,12/2/2014,8.216088099,0.006796076,-0.028323907,0,0,0,0,0,-0.186940117,-0.164805993,0,-0.019802627,0.562745681,0.927512795,1.90634667,2.404367787,0.4166349,0,0,0,0,0,0,2.1473,0.912,0.9732,4.4021,1.5148,1.5148,1.5148,2.78835584,1.139459387,0.637743944,0.103184236,0.305,0,0,1.272,0,0,0,0,0
ROUTE1,12/9/2014,8.090402297,0,-0.104492741,0,0,0,0,0,-0.190671901,-0.154745478,0,-0.040005335,1.533592237,0.562745681,2.11420239,2.255044148,0.45254945,0,0,0,0,0,0,1.931,0.9732,0.912,0.9732,0,1.5148,1.5148,0,2.78835584,1.139459387,0.103184236,0.157,0,3.349,1.004,0,0,0,0,0
ROUTE1,12/16/2014,7.972466016,0.002937257,-0.277713224,0,0,0,0,0,-0.294853735,-0.217322689,0.041604623,0,1.355051147,1.533592237,1.53705639,1.779783278,0.45254945,0,0,0,0,0,0,1.1038,0,0.9732,0.912,0,0,1.5148,0,0,2.78835584,0.103184236,0.157,0,0,1.24,0,0,0,0,0
ROUTE1,12/23/2014,7.613818685,0.002657694,-0.590482133,0,0,0,0,0,-0.422870001,-0.217322689,0.16962089,-0.019802627,0.759471919,1.355051147,1.83962428,1.61655538,0.45254945,0,0,0,0,0,0,1.1038,2.2993,0,0.9732,0,0,0,0,0,0,0.103184236,0.157,0,0,2.284,0,0,0,0,0
ROUTE1,12/30/2014,7.852827812,0,-0.501420202,0,0,0,0,0,-0.527069872,-0.217322689,0.27382076,-0.019802627,0.457385165,0.759471919,0,0,0.43694067,0,0,0,0,0,0,1.1038,0,2.2993,0,0,0,0,0,0,0,0.103184236,0.115,0,1.032,1.2,0,0,0,0,0
ROUTE1,1/6/2015,8.589513853,0.077047411,0,0.149362104,0,0,0,0,-0.332278968,-0.217322689,0.079029856,-0.019802627,0.252793654,0.457385165,1.83925129,0,0.39681834,0,0,0,0,0,0,1.1022,0.9732,0,2.2993,0,0,0,0,0,0,0.103184236,0.003,0,2.056,0.793,0,0,0,0,0
ROUTE1,1/13/2015,8.517193191,0.067820245,0,0.127566972,0,0,0,0,-0.325792165,-0.217322689,0.072543053,-0.040005335,0.549262331,0.252793654,1.78929447,0,0.39681834,0,0,0,0,0,0,1.1022,0.1009,0.9732,0,0,0,0,0,0,0,0.103184236,0.003,0,0,0.793,0,0,0,0,0
ROUTE1,1/20/2015,8.544419178,0.058903192,0,0.110250784,0,0,0,0,-0.406705893,-0.217322689,0.153456781,-0.040005335,0.547450736,0.549262331,2.50061943,0,0.39681834,0,0,0,0,0,0,1.1022,0.9732,0.1009,0.9732,0,0,0,0,0,0,0.103184236,0.003,0,0,0.793,0,0,0,0,0
ROUTE1,1/27/2015,8.702344075,0.120746314,0,0.190080732,0,0,0,0,-0.381529693,-0.217322689,0.128280581,-0.019802627,0.293932093,0.547450736,2.17154851,0,0.39681834,0,0,0,0,0,0,1.1022,0,0.9732,0.1009,0,0,0,0,0,0,0.103184236,0.003,0,0,2.613,0,0,0,0,0
ROUTE1,2/3/2015,8.634442751,0.112081748,0,0.141896084,0,0,0,0,-0.333009146,-0.217322689,0.079760034,-0.081678031,0.129211731,0.293932093,2.3443421,0,0.51505446,0,0,0,0,0,0,1.1022,0,0,0.9732,0,0,0,0,0,0,0.103184236,0.24,0,0,2.71,0,0,0,0,0
ROUTE1,2/10/2015,8.593042504,0.076516669,0,0.123721751,0,0,0,0,-0.348507767,-0.217322689,0.095258655,-0.029852963,0.116737557,0.129211731,1.97070744,0,0.53346949,0,0,0,0,0,0,1.1022,3.4914,0,0,0,0,0,0,0,0,0.103184236,0.274,0,0,0,0,0,0,0,0
ROUTE1,2/17/2015,8.531293316,0.025174652,0,0.043890377,0,0,0,0,-0.413769515,-0.217322689,0.160520403,-0.029852963,0.182190932,0.116737557,2.07172138,11.22346562,0.53346949,0,0,0,0,0,0,1.1022,0,3.4914,0,0,0,0,0,0,0,0.103184236,0.274,0,0,0,0,0,0,0,0
ROUTE1,2/24/2015,8.571302517,0,0,0.183393574,0,0,0,0,-0.315537901,-0.217322689,0.062288789,0,0.184148518,0.182190932,2.21909324,12.03940246,0.53346949,0,0,0,0,0,0,1.2995,0,0,3.4914,0,0,0,1.75586224,0,0,0.103184236,0.274,0,0,0,0,0,0,0,0
ROUTE1,3/3/2015,8.673683988,0,0,0.227093588,0,0,0,0,-0.309285723,-0.217322689,0.056036611,0,1.24444364,0.184148518,1.71565347,12.35406753,0.43364512,0,0,0,0,0,0,1.5453,0,0,0,2.2279,0,0,0,1.75586224,0,0.103184236,0.188,0,0,0,0,0,0,0,0
ROUTE1,3/10/2015,8.616314282,0.028119591,0,0.183646523,0,0,0,0,-0.253249112,-0.217322689,0,0,0.807441029,1.24444364,1.58235348,12.09141748,0.41599411,0,0,0,0,0,0,1.6403,0,0,0,2.2279,2.2279,0,1.247191961,0,1.75586224,0.122602322,0.173,0,0,4.719,0,0,0,0,0
ROUTE1,3/17/2015,8.55217416,0.072646326,0,0.073117008,0,0,0,0,-0.220026134,-0.184099711,0,0,0.827510907,0.807441029,2.10583764,12.39884933,0.41599411,0,0,0,0,0,0,1.505,2.1935,0,0,0,2.2279,2.2279,3.23553567,1.247191961,0,0.122602322,0.173,0,0,5.369,0,0,0,0,0
ROUTE1,3/24/2015,8.525756422,0.059352488,0,0.085495827,0,0,0,0,-0.231838475,-0.184099711,0.011812341,0,0.230638902,0.827510907,1.56257776,12.56088623,0.41599411,0,0,0,0,0,0,1.382,3.6541,2.1935,0,0,0,2.2279,1.86419408,3.23553567,1.247191961,0.132171773,0.173,0,0,0,0,0,0,0,0
ROUTE1,3/31/2015,8.510369966,0.069103313,0,0.10837042,0,0,0,0,-0.259936067,-0.184099711,0.039909934,-0.0588405,0.675755438,0.230638902,2.05999792,12.55960754,0.48978829,0,0,0,0,0,0,1.6246,4.2244,3.6541,2.1935,2.186,0,0,3.51197626,1.86419408,3.23553567,0.132171773,0.827,0,0,0,0,0,0,0,0
ROUTE1,4/7/2015,8.492490579,0.082337167,0,0.091961407,0,0,0,0,-0.214448583,-0.17852216,0,-0.048790164,0.859206075,0.675755438,2.02946136,12.51249665,0.58040523,0,0,0,0,0,0,1.7347,2.001,4.2244,3.6541,2.186,2.186,0,1.247191961,3.51197626,1.86419408,0.132171773,1.321,0,0,0,0,0,0,0,0
ROUTE1,4/14/2015,8.459564079,0.076383348,0,0.041994435,0,0,0,0,-0.194039551,-0.158113128,0,0,0.491518172,0.859206075,1.94919993,12.54180851,0.58040523,0,0,0,0,0,0,1.9176,0,2.001,4.2244,0,2.186,2.186,2.0723814,1.247191961,3.51197626,0.141650517,1.321,0,0,5,0,0,0,0,0
ROUTE1,4/21/2015,8.43793351,0.074328335,0,0.044674895,0,0,0,0,-0.180273171,-0.144346748,0,0,0.290421264,0.491518172,1.98136017,12.62628678,0.58040523,0,0,0,0,0,0,1.9176,4.3271,0,2.001,0,0,2.186,1.83742266,2.0723814,1.247191961,0.141650517,1.321,0,0,5.251,0,0,0,0,0
ROUTE1,4/28/2015,8.385032288,0.066371628,0,0.089300822,0,0,0,0,-0.155505155,-0.119578732,0,0,0.270888237,0.290421264,1.76907405,12.68772601,0.5414796,0,0,0,0,0,0,1.9967,0,4.3271,0,2.186,0,0,4.45796044,1.83742266,2.0723814,0.141650517,1.317,0,0,5.387,0,0,0,0,0
ROUTE1,5/5/2015,8.505323019,0.114972723,0,0.132823323,0,0,0,0,-0.215304548,-0.119578732,0.059799393,0,0.290421264,0.270888237,1.5398262,12.56617571,0.26946225,0,0,0,0,0,0,1.9345,2.001,0,4.3271,2.186,2.186,0,0,4.45796044,1.83742266,0.141650517,1.289,0,0,5.544,0,0,0,0,0
ROUTE1,5/12/2015,8.701845364,0.199547406,0,0.107844763,0,0,0,0,-0.270841922,-0.119578732,0.115336767,0,0.218745178,0.290421264,1.50476439,12.60156918,0.26946225,0,0,0,0,0,0,1.9345,4.2244,2.001,0,0,2.186,2.186,2.29400587,0,4.45796044,0.141650517,1.289,0,0,5.455,0,0,0,0,0
ROUTE1,5/19/2015,8.455104999,0.162582396,-0.04047,0,0,0,0,0,-0.267000899,-0.119578732,0.111495745,0,4.871235094,0.218745178,1.46945425,12.57291052,0.26946225,0,0,0,0,0,0,1.5416,0,4.2244,2.001,0,0,2.186,1.247191961,2.29400587,0,0.141650517,1.289,0,0,5.649,0,0,0,0,0
ROUTE1,5/26/2015,8.341171747,0.132008211,-0.022996259,0,0,0,0,0,-0.156614277,-0.119578732,0.001109122,-0.058268908,5.314417469,4.871235094,1.70960588,12.65717806,0.26946225,0,0,0,0,0,0,1.5416,0,0,4.2244,2.186,0,0,0,1.247191961,2.29400587,0.141650517,1.289,0,0,5.185,0,0,0,0,0
ROUTE1,6/2/2015,8.283241441,0,0,0.06410302,0,0,0,0,-0.05789106,-0.119578732,0,0,3.836363312,5.314417469,1.59151648,12.58700596,0.39025345,0,0,0,0,0,0,1.3949,0,0,0,2.186,2.186,0,4.24918229,0,1.247191961,0.141650517,0.649,0,0,5.443,0,0,0,0,0
ROUTE1,6/9/2015,8.22977775,0.01909271,0,0.006520166,0,0,0,0,-0.070458799,-0.034532376,0,0,1.55962842,3.836363312,2.72131178,12.73610051,0.43476055,0.154141905,0,0,0,0,0,1.6248,4.2244,0,0,0,2.186,2.186,2.9502053,4.24918229,0,0.141650517,0.205,0,0,5.64,0,0,0,0,0
ROUTE1,6/16/2015,8.359134887,0.054347611,-0.031932184,0,0,0,0,0,-0.143966048,-0.101490211,0.006549414,0,1.479036413,1.55962842,2.8743574,12.13300894,0.43476055,0.154141905,0.154141905,0,0,0,0,1.8396,0,4.2244,0,0,0,2.186,3.56966358,2.9502053,4.24918229,0.141650517,0.205,0,0,4.931,0,0,0,0,0
ROUTE1,6/23/2015,8.261268151,0.061694635,-0.132328447,0,0,0,0,0,-0.194163748,-0.101490211,0.056747114,0,1.27578302,1.479036413,2.89031151,4.658372372,0.43476055,0.154141905,0.154141905,0.154141905,0,0,0,1.7642,0,0,4.2244,0,0,0,2.23530532,3.56966358,2.9502053,0.141650517,0.205,0,0,5.431,0,0,0,0,0
ROUTE1,6/30/2015,8.153061947,0.085191019,-0.157425999,0,0,0,0,0,-0.137416634,-0.101490211,0,-0.019048195,1.02827503,1.27578302,2.84657043,3.765344341,0.57382335,0.154141905,0.154141905,0.154141905,0.154141905,0,0,1.7642,0,0,0,0,0,0,2.67593846,2.23530532,3.56966358,0.141650517,0.192,0,0,5.407,0,0,0,0,0
ROUTE1,7/7/2015,8.398860004,0.078228815,-0.03397628,0,0,0,0,0,-0.162645597,-0.126719174,0,0,1.098089686,1.02827503,2.91493807,3.509410966,0.73347501,0.154141905,0.154141905,0.154141905,0.154141905,0.154141905,0,1.5674,0,0,0,0,0,0,0,2.67593846,2.23530532,0.141650517,0.173,0,0,5.973,0,0,0,0,0
ROUTE1,7/14/2015,8.365206834,0.010567745,-0.045857411,0,0,0,0,0,-0.18743597,-0.187091751,0,-0.115684399,1.143064051,1.098089686,2.84549084,6.97143406,0.73347501,0.154141905,0.154141905,0.154141905,0.154141905,0.154141905,0.154141905,1.2229,3.2593,0,0,0,0,0,0,0,2.67593846,0.257334916,0.173,0,0,5.684,0,0,0,0,0
ROUTE1,7/21/2015,8.340217321,0,-0.045901773,0,0,0,0,0,-0.167578507,-0.187091751,0,-0.115684399,1.263675002,1.143064051,2.73056443,8.21563433,0.73347501,0.154141905,0.154141905,0.154141905,0.154141905,0.154141905,0.154141905,1.0957,0,3.2593,0,0,0,0,0,0,0,0.257334916,0.173,0,0,0,0,0,0,0,0
ROUTE1,7/28/2015,8.316300249,0,-0.016584942,0,0,0,0,0,-0.187026353,-0.187091751,0,-0.115684399,1.154245681,1.263675002,2.50965051,2.78147767,0.73347501,0.154141905,0.154141905,0.154141905,0.154141905,0.154141905,0.154141905,1.0957,0,0,3.2593,0,0,0,0,0,0,0.257334916,0.173,0,0,0,0,0,0,0,0
ROUTE1,8/4/2015,8.407378325,0,0,0.012543375,0,0,0,0,-0.220404723,-0.187091751,0,-0.115684399,2.011658473,1.154245681,2.56859233,2.48490665,0.44421663,0.287666617,0.154141905,0.154141905,0.154141905,0.154141905,0.154141905,1.0957,0,0,0,0,0,0,0,0,0,0.257334916,0.906,0,0,0,0,0,0,0,0
ROUTE1,8/11/2015,8.390495538,0,-0.04538203,0,0,0,0,0,-0.171991158,-0.187091751,0,0,1.374469233,2.011658473,2.42713152,2.934996039,0.44421663,0.287666617,0.287666617,0.154141905,0.154141905,0.154141905,0.154141905,1.4073,2.001,0,0,0,0,0,0,0,0,0.257334916,0.906,0,0,2.675,0,0,0,0,0
ROUTE1,8/18/2015,8.397508348,0,-0.069767925,0,0,0,0,0,-0.223018174,-0.187091751,0,-0.008438869,1.623291352,1.374469233,2.05984706,2.799021979,0.44421663,0.287666617,0.287666617,0.287666617,0.154141905,0.154141905,0.154141905,1.4073,0,2.001,0,0,0,0,0,0,0,0.257334916,0.906,0,0,3.378,0,0,0,0,0
ROUTE1,8/25/2015,8.375629627,0,-0.120827633,0,0,0,0,0,-0.2737247,-0.187091751,0.050706526,-0.008438869,1.047153991,1.623291352,1.9977775,3.160035325,0.44421663,0.287666617,0.287666617,0.287666617,0.287666617,0.154141905,0.154141905,1.4073,2.001,0,2.001,0,0,0,1.44580024,0,0,0.257334916,0.906,0,0,3.378,0,0,0,0,0
ROUTE1,9/1/2015,8.461680481,0,-0.048336525,0,0,0,0,0,-0.283704592,-0.187091751,0.060686418,-0.106294659,1.038314155,1.047153991,1.97340141,2.567692844,0.50297001,0,0.287666617,0.287666617,0.287666617,0.287666617,0.154141905,1.4073,0,2.001,0,0,0,0,1.101580121,1.44580024,0,0.257334916,1.535,0,0,3.378,0,0,0,0,0
ROUTE1,9/8/2015,8.545002892,0,0,0.021489822,0,0,0,0,-0.313724535,-0.182509396,0.095288716,-0.096992266,0.861526646,1.038314155,1.39034554,2.499677967,0.54487512,0,0,0.287666617,0.287666617,0.287666617,0.287666617,1.4352,3.2593,0,2.001,0,0,0,0,1.101580121,1.44580024,0.257334916,1.836,0,0,3.347,0,0,0,0,0
ROUTE1,9/15/2015,8.657129032,0,-0.014195307,0,0,0,0,0,-0.326589209,-0.182509396,0.10815339,-0.096992266,0.680131812,0.861526646,1.19395743,5.775992388,0.54487512,0,0,0,0.287666617,0.287666617,0.287666617,1.9163,2.001,3.2593,0,0,0,0,0,0,1.101580121,0.257334916,1.836,0,0,1.53,0,0,0,0,0
ROUTE1,9/22/2015,8.67692825,0,0,0.00323797,0,0,0,0,-0.288558273,-0.182509396,0.070122454,-0.096992266,1.379807852,0.680131812,0.83512924,2.921624302,0.54487512,0,0,0,0,0.287666617,0.287666617,1.9163,0,2.001,3.2593,0,0,0,2.65039381,0,0,0.257334916,1.836,0,0,1.53,0,0,0,0,0
ROUTE1,9/29/2015,8.699681401,0,0,0.045754411,0,0,0,0,-0.264276263,-0.182509396,0.045840445,0,1.212323421,1.379807852,1.22648574,2.448539006,0.46312434,0,0,0,0,0,0.287666617,1.9163,2.001,0,2.001,1.9419,0,0,3.18346882,2.65039381,0,0.265703166,1.572,0,0.993,5.722,0,0,0,0,0
ROUTE1,10/6/2015,8.74305305,0.026567975,0,0.029935491,0,0,0,0,-0.260557991,-0.182509396,0.042122172,0,1.011600912,1.212323421,1.39219701,1.961100315,0.22364389,0,0,0,0,0,0,1.9163,4.6725,2.001,0,1.9419,1.9419,0,2.13892281,3.18346882,2.65039381,0.274001969,0.173,0,0,5.849,0,0,0,0,0
ROUTE1,10/13/2015,8.651724084,0.037816431,-0.058444079,0,0,0,0,0,-0.236684035,-0.182509396,0.018248216,-0.025105921,0.909370289,1.011600912,0.62620604,2.951929651,0.22364389,0,0,0,0,0,0,1.6788,4.3271,4.6725,2.001,2.6847,1.9419,1.9419,0,2.13892281,3.18346882,0.274001969,0.173,0,0,5.976,0,0,0,0,0
ROUTE1,10/20/2015,8.761706768,0.015903765,0,0.041474297,0,0,0,0,-0.313441804,-0.182509396,0.095005985,-0.016667052,1.045777908,0.909370289,0.30435554,2.864239618,0.22364389,0,0,0,0,0,0,1.9021,0,4.3271,4.6725,2.6847,2.6847,1.9419,2.78570703,0,2.13892281,0.274001969,0.173,0,0.993,6.485,0,0,0,0,0
ROUTE1,10/27/2015,8.661985936,0.016426406,0,0.079720609,0,0,0,0,-0.218435819,-0.182509396,0,-0.077291674,0.653989161,1.045777908,0.86739419,2.273597556,0.22364389,0,0,0,0,0,0,2.1117,2.867,0,4.3271,2.0388,2.6847,2.6847,4.39729064,2.78570703,0,0.274001969,0.173,0,0,6.075,0,0,0,0,0
ROUTE1,11/3/2015,8.739216115,0.032284505,0,0.088034721,0,0,0,0,-0.250415312,-0.182509396,0.031979493,0,0.613235081,0.653989161,1.31835597,11.6114616,0.07785942,0,0,0,0,0,0,1.9535,0.912,2.867,0,2.0388,2.0388,2.6847,0,4.39729064,2.78570703,0.282232468,0.559,0,0,6.368,0,0,0,0,0
ROUTE1,11/10/2015,8.624791202,0.005495771,0,0.037736027,0,0,0,0,-0.219450183,-0.182509396,0.001014364,0,0.928751952,0.613235081,1.08308004,11.46044048,0.05135342,0,0,0,0,0,0,1.7741,0,0.912,2.867,2.0388,2.0388,2.0388,2.13892281,0,4.39729064,0.31449333,0.611,0,0,6.245,0,0,0,0,0
ROUTE1,11/17/2015,8.521981708,0.015376172,-0.066218661,0,0,0,0,0,-0.279882941,-0.182509396,0.061447122,0,0.799016971,0.928751952,0.66667311,10.98130719,0.05135342,0,0,0,0,0,0,1.5161,2.682,0,0.912,2.0388,2.0388,2.0388,1.247191961,2.13892281,0,0.31449333,0.611,0,0,5.858,0,0,0,0,0
ROUTE1,11/24/2015,8.266935348,0.033683747,-0.233957631,0,0,0,0,0,-0.300369856,-0.182509396,0.081934037,-0.168622712,0.689614302,0.799016971,0,10.00435854,0.05135342,0,0,0,0,0,0,1.0957,0,2.682,0,0,2.0388,2.0388,1.86419408,1.247191961,2.13892281,0.231801614,0.611,0,0,5.968,0,0,0,0,0
ROUTE1,12/1/2015,8.503499864,0.048240719,-0.028323907,0,0,0,0,0,-0.241232253,-0.182509396,0.022796434,0,0.776920562,0.689614302,0.347363434,9.87634023,0.23907415,0,0,0,0,0,0,1.0957,4.1368,0,2.682,0,0,2.0388,4.28986061,1.86419408,1.247191961,0.231801614,0.441,0,0,5.995,0,0,0,0,0
ROUTE1,12/8/2015,8.290543501,0.02097024,-0.104492741,0,0,0,0,0,-0.243259584,-0.182509396,0.024823765,-0.00873368,3.044522438,0.776920562,0.941204277,8.85622847,0.35984418,0,0,0,0,0,0,1.0957,4.9609,4.1368,0,0,0,0,1.54110441,4.28986061,1.86419408,0.223143551,0.291,0,0,1.574,0,0,0,0,0
ROUTE1,12/15/2015,8.171316875,0.001308911,-0.277713224,0,0,0,0,0,-0.348293506,-0.182509396,0.129857687,0,4.131196303,3.044522438,1.52923259,7.83443472,0.35984418,0,0,0,0,0,0,1.0957,2.682,4.9609,4.1368,0,0,0,2.50263479,1.54110441,4.28986061,0.223143551,0.291,0,0,1.279,0,0,0,0,0
ROUTE1,12/22/2015,7.897668151,0.045557132,-0.590482133,0,0,0,0,0,-0.412980901,-0.182509396,0.194545082,0,4.756012668,4.131196303,1.546449873,0,0.35984418,3.018286738,0,0,0,0,0,1.0957,0,2.682,4.9609,0,0,0,2.50263479,2.50263479,1.54110441,0.196710294,0.291,0,0,1.987,0,0,0,0,0
ROUTE2,1/1/2013,7.509883061,0,0,0,0,0,0,0,-0.256126475,-0.236318512,0.018206193,-0.389464767,0,0,2.29782184,0,0.13105649,0,0,0,0,0,0,0,0,0,0,0,0,0,2.98109521,0,0,0,0.224,0,0,0,0,0,0,0,0
ROUTE2,1/8/2013,7.714677474,0.006429654,0,0.34223468,0,0,0,0,-0.237920282,-0.236318512,0,0,0.654803825,0,2.32129244,0,0.69067227,0,0,0,0,0,0,0.9765,0,0,0,0,0,0,0,2.98109521,0,0,0.784,0,2.936,0.028,0,0,0,0,0
ROUTE2,1/15/2013,7.749322465,0.005625922,0,0.311942096,0,0,0,0,-0.305536157,-0.236318512,0.067615876,-0.101782694,1.024343545,0.654803825,1.9739773,0,0.69067227,0,0,0,0,0,0,0,0,0,0,0,0,0,0,0,2.98109521,0,0.784,7.411,0,0.719,0,0,0,0,0
ROUTE2,1/22/2013,7.489412084,0,0,0.19381745,0,0,0,0,-0.301104225,-0.236318512,0.063183944,-0.101782694,0.859206075,1.024343545,1.97360305,0,0.69067227,0,0,0,0,0,0,0,0,0,0,0,0,0,0,0,0,0,0.784,4.504,1.624,0.719,0,0,0,0,0
ROUTE2,1/29/2013,7.649692624,0.002359348,0,0.248293453,0,0,0,0,-0.282758539,-0.236318512,0.044838257,-0.101782694,0.760571424,0.859206075,2.08198672,0,0.66216028,0,0,0,0,0,0,0,0,0,0,0,0,0,0,0,0,0,0.785,7.284,0,0.719,0,0,0,0,0
ROUTE2,2/5/2013,7.679251426,0.003853817,0,0.270912073,0,0,0,0,-0.293974897,-0.236318512,0.056054615,-0.101782694,0.5392577,0.760571424,2.19025601,0,0.47156361,0,0,0,0,0,0,0.4506,0,0,0,0,0,0,0,0,0,0,0.794,6.824,2.44,0.834,0,0,0,0,0
ROUTE2,2/12/2013,7.680637428,0.005931845,0,0.27261478,0,0,0,0,-0.25056273,-0.236318512,0.012642449,-0.066691374,0.484784139,0.5392577,2.17665519,0,0.47156361,0,0,0,0,0,0,0.4506,0,0,0,0,0,0,0,0,0,0,0.794,8.781,3.072,0.834,0,0,0,0,0
ROUTE2,2/19/2013,7.556427969,0.005658684,0,0.15137543,0,0,0,0,-0.295692194,-0.236318512,0.057771912,0,0.360585782,0.484784139,2.10030547,0,0.47156361,0,0,0,0,0,0,0.4506,0,0,0,0,0,0,0,0,0,0.031748698,0.794,10.307,1.328,0.834,0,0,0,0,0
ROUTE2,2/26/2013,7.730614066,0.00603197,0,0.273768726,0,0,0,0,-0.247741533,-0.236318512,0.009821252,0,0.519875459,0.360585782,2.00821898,0,0.46297348,0,0,0,0,0,0,0.4506,0,0,0,0,0,0,0,0,0,0.031748698,0.762,0,0,0.834,0,0,0,0,0
ROUTE2,3/5/2013,7.756195344,0.000193706,0,0.335006163,0,0,0,0,-0.274263474,-0.236318512,0.036343193,0,1.046603785,0.519875459,2.0118178,0,0.40982291,2.220971298,0,0,0,0,0,0.4506,4.7738,0,0,2.9766,0,0,0,0,0,0.09237332,0.541,0,1.741,0.081,0,0,0,0,0
ROUTE2,3/12/2013,7.54538975,0,0,0.23165217,0,0,0,0,-0.203912873,-0.202311103,0,0,0.817180237,1.046603785,1.90902131,0,0.40982291,3.883681838,2.220971298,0,0,0,0,0.556,2.7495,4.7738,0,2.9766,2.9766,0,0,0,0,0.09237332,0.541,0,0,0.081,0,0,0,0,0
ROUTE2,3/19/2013,7.421775794,0,0,0.144845315,0,0,0,0,-0.136118542,-0.202311103,0,-0.029852963,1.047428981,0.817180237,1.19395443,0,0.40982291,3.332815448,3.883681838,2.220971298,0,0,0,0.556,4.9435,2.7495,4.7738,2.9766,2.9766,2.9766,2.5355022,0,0,0.09237332,0.541,0,1.426,0.081,0,0,0,0,0
ROUTE2,3/26/2013,7.531016332,0.000775455,0,0.175301288,0,0,0,0,-0.212405967,-0.191176025,0.019628172,0,0.817872278,1.047428981,0.85767065,0,0.40982291,0,3.332815448,3.883681838,2.220971298,0,0,0.556,0,4.9435,2.7495,0,2.9766,2.9766,0,2.5355022,0,0.09237332,0.541,0,0,0.081,0,0,0,0,0
ROUTE2,4/2/2013,7.662467815,0.004773479,0,0.135153295,0,0,0,0,-0.224831789,-0.191176025,0.032053994,0,0.738348287,0.817872278,0.96843907,0,0.6079365,0,0,3.332815448,3.883681838,2.220971298,0,0.556,1.8322,0,4.9435,0,0,2.9766,1.216531225,0,2.5355022,0.09237332,0.442,6.486,0,0.773,0,0,0,0,0
ROUTE2,4/9/2013,7.529406458,0.001862798,0,0.073990193,0,0,0,0,-0.249555337,-0.191176025,0.056777542,0,0.863180907,0.738348287,1.04752895,0,0.67735932,3.125597738,0,0,3.332815448,3.883681838,2.220971298,2.2132,4.9435,1.8322,0,3.034,0,0,1.67618516,1.216531225,0,0.09237332,0.399,7.901,1.184,0.665,0,0,0,0,0
ROUTE2,4/16/2013,7.43366654,0,0,0.014927809,0,0,0,0,-0.234069502,-0.191176025,0.041291707,0,0.96164164,0.863180907,0.9084987,0,0.67735932,3.162619438,3.125597738,0,0,3.332815448,3.883681838,2.2132,2.5253,4.9435,1.8322,3.034,3.034,0,0,1.67618516,1.216531225,0.09237332,0.399,8.271,0,0.665,0,0,0,0,0
ROUTE2,4/23/2013,7.479299638,0,0,0.035596628,0,0,0,0,-0.192777795,-0.191176025,0,0,1.25678532,0.96164164,1.02926352,0,0.67735932,3.162619438,3.162619438,3.125597738,0,0,3.332815448,2.2132,4.7333,2.5253,4.9435,3.034,3.034,3.034,1.74454094,0,1.67618516,0.09237332,0.399,8.554,1.021,0,0,0,0,0,0
ROUTE2,4/30/2013,7.483806688,0,0,0.023023056,0,0,0,0,-0.252512763,-0.191176025,0.059734968,0,0.857545221,1.25678532,1.0684381,0,0.64214698,0,3.162619438,3.162619438,3.125597738,0,0,2.2132,2.9308,4.7333,2.5253,0,3.034,3.034,4.02688681,1.74454094,0,0.09237332,0.906,8.533,0,0,0,0,0,0,0
ROUTE2,5/7/2013,7.401231264,0,0,0.011225056,0,0,0,0,-0.246746479,-0.191176025,0.053968684,-0.029852963,0.9610423,0.857545221,1.1527319,0,0.59318132,0,0,3.162619438,3.162619438,3.125597738,0,1.9389,3.4914,2.9308,4.7333,0,0,3.034,2.53547936,4.02688681,1.74454094,0.09237332,1.331,8.69,1.446,0,0,0,0,0,0
ROUTE2,5/14/2013,7.525100746,0,0,0.02038766,0,0,0,0,-0.231747606,-0.191176025,0.038969811,0,1.076958419,0.9610423,1.26091389,0,0.59318132,3.154995218,0,0,3.162619438,3.162619438,3.125597738,2.3468,4.8876,3.4914,2.9308,3.034,0,0,1.188212316,2.53547936,4.02688681,0.09237332,1.331,9.119,0,0,0,0,0,0,0
ROUTE2,5/21/2013,7.339537695,0,-0.112520306,0,0,0,0,0,-0.290391174,-0.191176025,0.097613379,-0.029852963,1.180822888,1.076958419,1.42411392,0,0.59318132,3.154995218,3.154995218,0,0,3.162619438,3.162619438,2.3468,4.1756,4.8876,3.4914,3.034,3.034,0,2.95524333,1.188212316,2.53547936,0.09237332,1.331,8.852,1.784,0,0,0,0,0,0
ROUTE2,5/28/2013,7.301147806,0,-0.236362292,0,0,0,0,0,-0.319365759,-0.191176025,0.126587964,-0.029852963,0.745439192,1.180822888,1.24194541,0,0.59318132,0,3.154995218,3.154995218,0,0,3.162619438,2.255,0,4.1756,4.8876,0,3.034,3.034,3.76845532,2.95524333,1.188212316,0.09237332,1.331,8.912,0,0.032,0,0,0,0,0
ROUTE2,6/4/2013,7.311218384,0,-0.1436729,0,0,0,0,0,-0.267276996,-0.191176025,0.074499201,0,0.596111375,0.745439192,1.34957029,0,0.56416793,0,0,3.154995218,3.154995218,0,0,1.4238,3.8547,0,4.1756,0,0,3.034,2.39337993,3.76845532,2.95524333,0.09237332,1.311,7.6,1.822,0.807,0,0,0,0,0
ROUTE2,6/11/2013,7.3524411,0,-0.145786296,0,0,0,0,0,-0.264248172,-0.191176025,0.071470378,-0.060624622,0.541996177,0.596111375,1.39908736,0,0.56416793,0,0,0,3.154995218,3.154995218,0,1.4238,0,3.8547,0,0,0,0,0,2.39337993,3.76845532,0.09237332,1.311,0,0,0.807,0,0,0,0,0
ROUTE2,6/18/2013,7.244227516,0,-0.18985464,0,0,0,0,0,-0.211197274,-0.191176025,0.018419479,-0.060624622,0.642925742,0.541996177,1.35359235,0,0.56416793,0.557353058,0,0,0,3.154995218,3.154995218,1.4238,0,0,3.8547,0,0,0,0.965081943,0,2.39337993,0.09237332,1.311,0,1.021,0.115,0,0,0,0,0
ROUTE2,6/25/2013,7.22620901,0,-0.246416781,0,0,0,0,0,-0.242966779,-0.191176025,0.050188984,-0.060624622,1.558969224,0.642925742,1.40720678,0,0.56416793,0.557353058,0.557353058,0,0,0,3.154995218,0.8173,2.0299,0,0,0,0,0,1.67618516,0.965081943,0,0.09237332,1.311,0,0,0,0,0,0,0,0
ROUTE2,7/2/2013,7.102499356,0,-0.279662089,0,0,0,0,0,-0.184556018,-0.182954248,0,-0.159064695,0.547450736,1.558969224,1.01393687,0,0.45824685,0.586349738,0.557353058,0.557353058,0,0,0,0.8173,0,2.0299,0,0,0,0,3.96048314,1.67618516,0.965081943,0.09237332,0.699,0,0,0,0,0,0,0,0
ROUTE2,7/9/2013,7.335633982,0,-0.09131643,0,0,0,0,0,-0.213640349,-0.182954248,0.029084331,-0.060624622,0.704059214,0.547450736,1.29863722,0,0.41252365,0.586349738,0.586349738,0.557353058,0.557353058,0,0,0.8173,0,0,2.0299,0,0,0,0,3.96048314,1.67618516,0.09237332,0.287,0,2,4.805,0,0,0,0,0
ROUTE2,7/16/2013,7.45007957,0,-0.084262526,0,0,0,0,0,-0.260155254,-0.182954248,0.075599235,-0.060624622,0.670558544,0.704059214,1.22048774,0,0.41252365,0,0.586349738,0.586349738,0.557353058,0.557353058,0,0.8173,0,0,0,0,0,0,1.77618912,0,3.96048314,0.09237332,0.287,0,0,4.383,0,0,0,0,0
ROUTE2,7/23/2013,7.295735073,0.004276165,-0.158437945,0,0,0,0,0,-0.266272077,-0.182954248,0.081716059,-0.060624622,0.64457251,0.670558544,1.19727714,0,0.41252365,0,0,0.586349738,0.586349738,0.557353058,0.557353058,0.4506,0,0,0,0,0,0,1.67685922,1.77618912,0,0.09237332,0.287,0,1.714,4.86,0,0,0,0,0
ROUTE2,7/30/2013,7.423568444,0.011955785,-0.087216368,0,0,0,0,0,-0.239942742,-0.182954248,0.055386724,-0.060624622,0.582198107,0.64457251,1.27164798,0,0.38483896,0,0,0,0.586349738,0.586349738,0.557353058,0.4506,1.3368,0,0,0,0,0,1.59482718,1.67685922,1.77618912,0.09237332,0.245,0,0,0,0,0,0,0,0
ROUTE2,8/6/2013,7.421775794,0.015972819,-0.097559559,0,0,0,0,0,-0.276407739,-0.182954248,0.09185172,-0.060624622,0.502483717,0.582198107,1.24539634,0,0.31207613,0,0,0,0,0.586349738,0.586349738,0.4506,1.3368,1.3368,0,0,0,0,0,1.59482718,1.67685922,0.09237332,0.133,4.466,2.183,5.842,0,0,0,0,0
ROUTE2,8/13/2013,7.358830898,0.017507064,-0.0789672,0,0,0,0,0,-0.156990189,-0.155388419,0,-0.060624622,0.496300582,0.502483717,1.17916568,0,0.31207613,2.220971298,0,0,0,0,0.586349738,0.4506,0,1.3368,1.3368,2.4018,0,0,0,0,1.59482718,0.09237332,0.133,6.217,0,5.368,0,0,0,0,0
ROUTE2,8/20/2013,7.375255778,0.01888045,-0.122344001,0,0,0,0,0,-0.296864714,-0.155388419,0.139874524,0,0.554677506,0.496300582,1.60722688,0,0.31207613,2.220971298,2.220971298,0,0,0,0,0.4506,0,0,1.3368,2.4018,2.4018,0,0,0,0,0.09237332,0.133,5.676,2.29,5.66,0,0,0,0,0
ROUTE2,8/27/2013,7.38274645,0.020887908,-0.107881223,0,0,0,0,0,-0.249197363,-0.155388419,0.092207174,-0.029852963,0.414825551,0.554677506,2.14308087,0,0.31207613,2.220971298,2.220971298,2.220971298,0,0,0,0.4506,1.3368,0,0,2.4018,2.4018,2.4018,3.15119629,0,0,0.09237332,0.133,6.378,0,5.551,0,0,0,0,0
ROUTE2,9/3/2013,7.423568444,0.021337439,-0.045845693,0,0,0,0,0,-0.242060467,-0.155388419,0.085070277,-0.060624622,1.020396542,0.414825551,1.99908506,0,0.48572018,2.810967148,2.220971298,2.220971298,2.220971298,0,0,0.4506,4.1763,1.3368,0,2.1502,2.4018,2.4018,1.159113251,3.15119629,0,0.09237332,1.207,6.042,2.277,5.775,0,0,0,0,0
ROUTE2,9/10/2013,7.523481313,0.021954489,-0.013447304,0,0,0,0,0,-0.12684801,-0.12524624,0,0,0.356753311,1.020396542,2.00977847,0,0.51194072,2.895540918,2.810967148,2.220971298,2.220971298,2.220971298,0,0.4506,4.1756,4.1763,1.3368,2.1502,2.1502,2.4018,1.63254399,1.159113251,3.15119629,0.09237332,1.311,5.496,0,6.559,0,0,0,0,0
ROUTE2,9/17/2013,7.559559496,0.02047648,-0.027071209,0,0,0,0,0,-0.213105031,-0.12524624,0.086257021,0,0.616624915,0.356753311,2.20999367,0,0.51194072,3.307234688,2.895540918,2.810967148,2.220971298,2.220971298,2.220971298,2.4705,4.8979,4.1756,4.1763,2.9771,2.1502,2.1502,2.36965325,1.63254399,1.159113251,0.09237332,1.311,8.395,1.549,5.703,0,0,0,0,0
ROUTE2,9/24/2013,7.454719949,0.015997259,-0.07788561,0,0,0,0,0,-0.121172509,-0.119570739,0,0,0.475571953,0.616624915,2.31298497,0,0.51194072,3.176639248,3.307234688,2.895540918,2.810967148,2.220971298,2.220971298,2.4806,0,4.8979,4.1756,2.9356,2.9771,2.1502,1.63643157,2.36965325,1.63254399,0.09237332,1.311,7.591,0,2.57,0,0,0,0,0
ROUTE2,10/1/2013,7.534228326,0.009323557,0,0.000891405,0,0,0,0,-0.16953126,-0.119570739,0.048358751,0,0.600419869,0.475571953,2.33334622,0,0.40869303,3.150863478,3.176639248,3.307234688,2.895540918,2.810967148,2.220971298,2.4806,4.0785,0,4.8979,3.0357,2.9356,2.9771,4.18452977,1.63643157,2.36965325,0.09237332,1.297,8.269,0,5.081,0,0,0,0,0
ROUTE2,10/8/2013,7.488293515,0.002287936,0,0.054775883,0,0,0,0,-0.130568247,-0.119570739,0.009395739,0,0.452910885,0.600419869,2.27632304,0,0.32359853,2.649008198,3.150863478,3.176639248,3.307234688,2.895540918,2.810967148,2.4806,0,4.0785,0,2.2795,3.0357,2.9356,3.03678315,4.18452977,1.63643157,0.09237332,1.287,9.295,2.049,5.565,0,0,0,0,0
ROUTE2,10/15/2013,7.424165281,0,-0.056831457,0,0,0,0,0,-0.15931926,-0.119570739,0.038146751,0,0.446412487,0.452910885,2.32101634,0,0.32359853,3.150863478,2.649008198,3.150863478,3.176639248,3.307234688,2.895540918,1.956,4.6169,0,4.0785,3.0542,2.2795,3.0357,1.74454094,3.03678315,4.18452977,0.09237332,1.287,8.802,0,5.204,0,0,0,0,0
ROUTE2,10/22/2013,7.422373701,0,-0.0360455,0,0,0,0,0,-0.151444024,-0.119570739,0.030271516,0,0.942892981,0.446412487,2.44059616,0,0.32359853,3.150863478,3.150863478,2.649008198,3.150863478,3.176639248,3.307234688,1.9389,1.1238,4.6169,0,3.0542,3.0542,2.2795,2.0961435,1.74454094,3.03678315,0.09237332,1.287,8.825,1.549,3.173,0,0,0,0,0
ROUTE2,10/29/2013,7.419979924,0.001929694,-0.065812143,0,0,0,0,0,-0.135951387,-0.119570739,0.014778879,-0.029852963,1.657481418,0.942892981,2.47821314,0,0.37918223,0,3.150863478,3.150863478,2.649008198,3.150863478,3.176639248,1.9389,4.2218,1.1238,4.6169,0,3.0542,3.0542,3.26708445,2.0961435,1.74454094,0.09237332,1.184,8.901,0,1.677,0,0,0,0,0
ROUTE2,11/5/2013,7.514254653,0.005533265,-0.020510756,0,0,0,0,0,-0.186495263,-0.119570739,0.065322755,0,4.214215281,1.657481418,2.4337573,0,0.66014397,0,0,3.150863478,3.150863478,2.649008198,3.150863478,1.9389,4.3804,4.2218,1.1238,0,0,3.0542,0,3.26708445,2.0961435,0.09237332,0.139,9.249,1.426,6.109,0,0,0,0,0
ROUTE2,11/12/2013,7.412160335,0.003907682,-0.06137437,0,0,0,0,0,-0.20539226,-0.119570739,0.084219751,0,0.921917505,4.214215281,2.38785325,0,0.66014397,0,0,0,3.150863478,3.150863478,2.649008198,0.9785,4.358,4.3804,4.2218,0,0,0,0,0,3.26708445,0.09237332,0.139,8.628,0,4.308,0,0,0,0,0
ROUTE2,11/19/2013,7.374629015,0.003600657,-0.077124837,0,0,0,0,0,-0.139257316,-0.119570739,0.018084807,0,0.463812876,0.921917505,2.38984841,0,0.66014397,0,0,0,0,3.150863478,3.150863478,0.9785,2.6011,4.358,4.3804,0,0,0,0,0,0,0.09237332,0.139,9.029,1.641,4.796,0,0,0,0,0
ROUTE2,11/26/2013,7.014814351,0.003006516,-0.398303515,0,0,0,0,0,-0.041635832,-0.040034062,0,-0.159064695,0.215591596,0.463812876,2.27263816,0,0.66014397,0,0,0,0,0,3.150863478,0.9785,2.567,2.6011,4.358,0,0,0,2.22658212,0,0,0.09237332,0.139,8.266,0,5.686,0,0,0,0,0
ROUTE2,12/3/2013,7.369600721,0,0,0.02100386,0,0,0,0,-0.00956051,-0.040034062,0,-0.159064695,2.022605775,0.215591596,2.47936407,0,0.35223598,0,0,0,0,0,0,0.9785,0.568,2.567,2.6011,0,0,0,0,2.22658212,0,0.09237332,0.124,8.691,2.377,1.843,0,0,0,0,0
ROUTE2,12/10/2013,7.440733707,0,0,0.072547544,0,0,0,0,-0.094519892,-0.020107522,0.072810599,-0.230523659,1.336278917,2.022605775,2.38480651,0,0.29025847,0,0,0,0,0,0,0.8543,1.1238,0.568,2.567,0,0,0,0,0,2.22658212,0.09237332,0.122,5.024,0,0.908,0,0,0,0,0
ROUTE2,12/17/2013,7.499976541,0.005328813,0,0.11226021,0,0,0,0,-0.021709292,-0.020107522,0,-0.125163143,0.961941176,1.336278917,2.15684555,0,0.29025847,0,0,0,0,0,0,0.8543,0,1.1238,0.568,0,0,0,0,0,0,0.09237332,0.122,4.267,1.659,1.856,0,0,0,0,0
ROUTE2,12/24/2013,7.317876199,0.010905061,-0.343104309,0,0,0,0,0,-0.54259393,-0.157461602,0.383530558,-0.125163143,0.637969102,0.961941176,2.30027132,0,0.29025847,0,0,0,0,0,0,0.8543,0,0,1.1238,0,0,0,0,0,0,0.09237332,0.122,5.627,0,1.856,0,0,0,0,0
ROUTE2,12/31/2013,7.439559309,0.01840536,-0.121928963,0,0,0,0,0,-0.218135101,-0.157461602,0.059071729,-0.125163143,0.375770455,0.637969102,2.49804915,0,0.3991529,0,0,0,0,0,0,2.2164,0,0,0,0,0,0,0,0,0,0.09237332,0.072,5.161,0,1.744,0,0,0,0,0
ROUTE2,1/7/2014,7.861341796,0.020312144,0,0.34223468,0,0,0,0,-0.176566375,-0.157461602,0.017503004,0,0.33960213,0.375770455,2.58705461,0,0.52804428,0,0,0,0,0,0,0.8732,3.4914,0,0,0,0,0,0,0,0,0.09237332,0,4.509,1.549,0.192,0,0,0,0,0
ROUTE2,1/14/2014,7.904703914,0.020945359,0,0.311942096,0,0,0,0,-0.298233298,-0.157461602,0.139169926,-0.287682072,0.131275716,0.33960213,2.48084065,0,0.52804428,0,0,0,0,0,0,0.8732,0,3.4914,0,0,0,0,0,0,0,0.09237332,0,5.636,0,0.192,0,0,0,0,0
ROUTE2,1/21/2014,7.795234929,0.017337007,0,0.19381745,0,0,0,0,-0.24633841,-0.157461602,0.087275038,-0.3074847,0.658461623,0.131275716,2.26558769,0,0.52804428,0,0,0,0,0,0,0.8732,0,0,3.4914,0,0,0,0,0,0,0.09237332,0,3.968,1.426,0.192,0,0,0,0,0
ROUTE2,1/28/2014,7.716906135,0.006229354,0,0.248293453,0,0,0,0,-0.285785014,-0.157461602,0.126721643,-0.3074847,3.770813307,0.658461623,2.25841573,0,0.52804428,0,0,0,0,0,0,0.8732,1.0378,0,0,0,0,0,0,0,0,0.09237332,0,0,0,0.192,0,0,0,0,0
ROUTE2,2/4/2014,7.744569809,0.000748765,0,0.270912073,0,0,0,0,-0.273975882,-0.157461602,0.11491251,-0.348306694,1.903720411,3.770813307,2.34033217,0,0.12622098,0,0,0,0,0,0,0.8732,0,1.0378,0,0,0,0,0,0,0,0.09237332,0.18,2.955,2.248,0.249,0,0,0,0,0
ROUTE2,2/11/2014,7.72753511,0,0,0.27261478,0,0,0,0,-0.257546936,-0.157461602,0.098483564,-0.3074847,0.627563181,1.903720411,2.49924014,0,0.12622098,0,0,0,0,0,0,0.8732,3.3642,0,1.0378,0,0,0,0,0,0,0.09237332,0.18,2.77,0,6.66,0,0,0,0,0
ROUTE2,2/18/2014,7.588829878,0,0,0.15137543,0,0,0,0,-0.207472661,-0.157461602,0.04840929,-0.230523659,0.564084071,0.627563181,2.38069626,0,0.12622098,0,0,0,0,0,0,0.8732,0,3.3642,0,0,0,0,0,0,0,0.09237332,0.18,2.572,2.034,7.127,0,0,0,0,0
ROUTE2,2/25/2014,7.786967003,0,0,0.273768726,0,0,0,0,-0.206967381,-0.157461602,0.04790401,-0.230523659,0.346276237,0.564084071,2.54727392,0,0.12622098,0,0,0,0,0,0,0.8732,0,0,3.3642,0,0,0,0,0,0,0.09237332,0.18,0,1.808,7.285,0,0,0,0,0
ROUTE2,3/4/2014,7.987184748,0,0,0.335006163,0,0,0,0,-0.25162857,-0.157461602,0.092565198,0,0.372535951,0.346276237,2.57449603,0,0,2.588024378,0,0,0,0,0,0.8732,3.026,0,0,0,0,0,0,0,0,0.09237332,1.315,0,0,5.12,0,0,0,0,0
ROUTE2,3/11/2014,7.900266037,0.001645861,0,0.23165217,0,0,0,0,-0.191494147,-0.157461602,0.032430775,0,0.455399067,0.372535951,2.52358372,0,0,2.588024378,2.588024378,0,0,0,0,2.3544,3.4914,3.026,0,2.2753,0,0,1.058627126,0,0,0.09237332,1.315,0,0,4.329,0,0,0,0,0
ROUTE2,3/18/2014,7.706612914,0.001120474,0,0.144845315,0,0,0,0,-0.159063372,-0.157461602,0,0,0.753956185,0.455399067,2.37135094,1.359143372,0,2.518412068,2.588024378,2.588024378,0,0,0,2.3544,0,3.4914,3.026,2.2753,2.2753,0,2.90229503,1.058627126,0,0.09237332,1.315,0,1.549,2.296,0,0,0,0,0
ROUTE2,3/25/2014,7.736307097,0.001220792,0,0.175301288,0,0,0,0,-0.129687281,-0.128085511,0,0,0.673759828,0.753956185,2.45328579,11.56021246,0,0,2.518412068,2.588024378,2.588024378,0,0,2.3544,3.3299,0,3.4914,0,2.2753,2.2753,0,2.90229503,1.058627126,0.09237332,1.315,3.581,0,1.95,0,0,0,0,0
ROUTE2,4/1/2014,7.643482907,0.002227109,0,0.135153295,0,0,0,0,-0.058346662,-0.056744892,0,-0.029852963,0.643337688,0.673759828,2.44729945,11.5883973,0.10877986,0,0,2.518412068,2.588024378,2.588024378,0,2.6424,3.026,3.3299,0,0,0,2.2753,3.96250215,0,2.90229503,0.09237332,1.329,0,2.65,0.206,0,0,0,0,0
ROUTE2,4/8/2014,7.631916513,0.004359729,0,0.073990193,0,0,0,0,-0.203070689,-0.056744892,0.144724027,-0.029852963,0.49820716,0.643337688,2.31198325,11.83927083,0.1832416,2.761079338,0,0,2.518412068,2.588024378,2.588024378,2.3476,4.6167,3.026,3.3299,2.3535,0,0,2.19787554,3.96250215,0,0.09237332,1.34,2.302,1.785,0,0,0,0,0,0
ROUTE2,4/15/2014,7.550661243,0.009492601,0,0.014927809,0,0,0,0,-0.158340659,-0.056744892,0.099993997,-0.029852963,0.767143189,0.49820716,2.31512138,12.24334589,0.1832416,2.761079338,2.761079338,0,0,2.518412068,2.588024378,2.3152,3.3299,4.6167,3.026,2.3535,2.3535,0,2.66634753,2.19787554,3.96250215,0.09237332,1.34,3.157,0,0,0,0,0,0,0
ROUTE2,4/22/2014,7.632401127,0.01758805,0,0.035596628,0,0,0,0,-0.093890654,-0.056744892,0.035543992,-0.029852963,0.40441963,0.767143189,2.31148863,12.12475819,0.1832416,2.584232578,2.761079338,2.761079338,0,0,2.518412068,2.3152,0,3.3299,4.6167,2.3535,2.3535,2.3535,1.99034219,2.66634753,2.19787554,0.09237332,1.34,1.874,1.021,0,0,0,0,0,0
ROUTE2,4/29/2014,7.539027056,0.019793468,0,0.023023056,0,0,0,0,-0.013099875,-0.011498105,0,0,0.392846644,0.40441963,2.31991946,12.12871864,0.25299211,0.154141905,2.584232578,2.761079338,2.761079338,0,0,2.0206,3.3299,0,3.3299,0,2.3535,2.3535,4.05565635,1.99034219,2.66634753,0.09237332,1.119,3.897,0,0,0,0,0,0,0
ROUTE2,5/6/2014,7.592366129,0.017423386,0,0.011225056,0,0,0,0,-0.123458503,-0.011498105,0.110358629,-0.029852963,0.368749093,0.392846644,1.84745405,12.38021171,0.40865636,2.584232578,0.154141905,2.584232578,2.761079338,2.761079338,0,1.3564,4.8996,3.3299,0,2.3549,0,2.3535,3.12348073,4.05565635,1.99034219,0.09237332,0.163,2.583,3.052,0.057,0,0,0,0,0
ROUTE2,5/13/2014,7.476472381,0.008084225,0,0.02038766,0,0,0,0,-0.100968863,-0.011498105,0.087868988,0,0.207982174,0.368749093,0.88521652,12.48489672,0.40865636,2.584232578,2.584232578,0.154141905,2.584232578,2.761079338,2.761079338,1.2018,3.5303,4.8996,3.3299,2.4017,2.3549,0,2.1206951,3.12348073,4.05565635,0.09237332,0.163,3.441,1.957,0.057,0,0,0,0,0
ROUTE2,5/20/2014,7.292337176,0.002505845,-0.112520306,0,0,0,0,0,-0.031395858,-0.011498105,0.018295984,0,0.71178126,0.207982174,0.81272508,12.35922543,0.40865636,0.154141905,2.584232578,2.584232578,0.154141905,2.584232578,2.761079338,1.2018,2.246,3.5303,4.8996,0,2.4017,2.3549,1.65119663,2.1206951,3.12348073,0.121360857,0.163,0,0,0.057,0,0,0,0,0
ROUTE2,5/27/2014,7.090076836,0,-0.236362292,0,0,0,0,0,-0.002107116,-0.011498105,0,0,0.448916871,0.71178126,0.66062679,12.41702027,0.40865636,0.154141905,0.154141905,2.584232578,2.584232578,0.154141905,2.584232578,1.0509,2.6846,2.246,3.5303,0,0,2.4017,2.86723259,1.65119663,2.1206951,0.121360857,0.163,2.554,0,0.057,0,0,0,0,0
ROUTE2,6/3/2014,7.376508126,0.005158111,-0.1436729,0,0,0,0,0,-0.133005858,-0.128413509,0.002990579,0,0.413789818,0.448916871,0.59945944,12.51089624,0.5174301,0,0.154141905,0.154141905,2.584232578,2.584232578,0.154141905,1.0509,1.9355,2.6846,2.246,0,0,0,0,2.86723259,1.65119663,0.121360857,0.304,0,3.056,0.153,0,0,0,0,0
ROUTE2,6/10/2014,7.327780538,0.006272479,-0.145786296,0,0,0,0,0,-0.131790895,-0.128413509,0.001775616,0,0.364403621,0.413789818,1.70921874,12.45816788,0.53446201,0,0,0.154141905,0.154141905,2.584232578,2.584232578,1.0509,2.1557,1.9355,2.6846,0,0,0,3.2795683,0,2.86723259,0.121360857,0.326,0,0,6.238,0,0,0,0,0
ROUTE2,6/17/2014,7.260522598,0.008320699,-0.18985464,0,0,0,0,0,-0.156025764,-0.128413509,0.026010484,0,0.520341334,0.364403621,2.52798124,12.77823471,0.53446201,0,0,0,0.154141905,0.154141905,2.584232578,1.0509,1.7743,2.1557,1.9355,0,0,0,1.71649327,3.2795683,0,0.121360857,0.326,0,0,6.006,0,0,0,0,0
ROUTE2,6/24/2014,7.275864601,0.013556046,-0.246416781,0,0,0,0,0,-0.178553755,-0.128413509,0.048538476,0,0.450416496,0.520341334,2.60226501,10.75301481,0.53446201,0,0,0,0,0.154141905,0.154141905,0.8732,1.9908,1.7743,2.1557,0,0,0,0,1.71649327,3.2795683,0.121360857,0.326,0,0,5.991,0,0,0,0,0
ROUTE2,7/1/2014,7.247080585,0.016341995,-0.279662089,0,0,0,0,0,-0.138818212,-0.128413509,0.008802933,-0.028987537,0.459862253,0.450416496,2.49783897,3.404762448,0.42455433,0,0,0,0,0,0.154141905,0.8732,0.2718,1.9908,1.7743,0,0,0,2.43411809,0,1.71649327,0.121360857,0.592,0,0,5.92,0,0,0,0,0
ROUTE2,7/8/2014,7.356279877,0.013902809,-0.09131643,0,0,0,0,0,-0.156689667,-0.128413509,0.026674388,0,0.542451862,0.459862253,2.62498927,2.929287174,0.33339115,0,0,0,0,0,0,0.8732,0.8074,0.2718,1.9908,0,0,0,0,2.43411809,0,0.121360857,0.754,0,2.691,6.448,0,0,0,0,0
ROUTE2,7/15/2014,7.390798522,0.015796444,-0.084262526,0,0,0,0,0,-0.160304277,-0.128413509,0.030288998,0,0.442392381,0.542451862,2.29748891,2.327277706,0.33339115,0,0,0,0,0,0,0.8732,1.7743,0.8074,0.2718,0,0,0,0,0,2.43411809,0.121360857,0.754,0,0,6.388,0,0,0,0,0
ROUTE2,7/22/2014,7.482681828,0.020146964,-0.158437945,0,0,0,0,0,-0.200498885,-0.128413509,0.070483605,0,0.306123826,0.442392381,2.01138986,2.269914311,0.33339115,0,0,0,0,0,0,0.8732,1.9908,1.7743,0.8074,0,0,0,0,0,0,0.121360857,0.754,0,0,5.217,0,0,0,0,0
ROUTE2,7/29/2014,7.444833274,0.013015476,-0.087216368,0,0,0,0,0,-0.155387565,-0.128413509,0.025372286,0,0.471178487,0.306123826,2.68208822,9.03577012,0.32283191,0,0,0,0,0,0,0.8732,0,1.9908,1.7743,0,0,0,1.84589159,0,0,0.121360857,0.688,0,0,0,0,0,0,0,0
ROUTE2,8/5/2014,7.33171497,0.001744057,-0.097559559,0,0,0,0,0,-0.184743555,-0.128413509,0.054728275,0,0.500585282,0.471178487,2.57556511,8.8983217,0.25702209,0.287666617,0,0,0,0,0,0.8732,0.2718,0,1.9908,0,0,0,1.71649327,1.84589159,0,0.121360857,0.163,0,2.304,0,0,0,0,0,0
ROUTE2,8/12/2014,7.396335294,0,-0.0789672,0,0,0,0,0,-0.130015279,-0.128413509,0,0,0.334006144,0.500585282,2.55857492,9.50235945,0.25702209,0.287666617,0.287666617,0,0,0,0,0.8732,4.2624,0.2718,0,0,0,0,0,1.71649327,1.84589159,0.121360857,0.163,0,0.693,0,0,0,0,0,0
ROUTE2,8/19/2014,7.347299701,0,-0.122344001,0,0,0,0,0,-0.176370466,-0.128413509,0.046355186,0,1.213721371,0.334006144,2.63998575,7.91281537,0.25702209,0.287666617,0.287666617,0.287666617,0,0,0,0.8732,2.5505,4.2624,0.2718,0,0,0,1.041475518,0,1.71649327,0.09237332,0.163,0,0,0,0,0,0,0,0
ROUTE2,8/26/2014,7.379008128,0,-0.107881223,0,0,0,0,0,-0.273907046,-0.128413509,0.143891767,-0.029852963,0.567200031,1.213721371,2.59587773,2.351375257,0.25702209,0.287666617,0.287666617,0.287666617,0.287666617,0,0,0.8732,0,2.5505,4.2624,0,0,0,2.90286865,1.041475518,0,0.09237332,0.163,0,0,3.025,0,0,0,0,0
ROUTE2,9/2/2014,7.444248649,0,-0.045845693,0,0,0,0,0,-0.201018784,-0.128413509,0.071003505,-0.029852963,0.437344414,0.567200031,2.56297996,2.169053701,0.15005948,0.287666518,0.287666617,0.287666617,0.287666617,0.287666617,0,0.8732,0.2718,0,2.5505,0,0,0,3.70326669,2.90286865,1.041475518,0.09237332,1.66,0,0,5.847,0,0,0,0,0
ROUTE2,9/9/2014,7.460490306,0,-0.013447304,0,0,0,0,0,-0.174303271,-0.128413509,0.044287992,0,0.223143551,0.437344414,2.57487779,11.79696009,0.10385107,0.287666518,0.287666518,0.287666617,0.287666617,0.287666617,0.287666617,0.8732,1.8322,0.2718,0,0,0,0,0,3.70326669,2.90286865,0.09237332,1.93,0,3.105,6.484,0,0,0,0,0
ROUTE2,9/16/2014,7.411556288,0,-0.027071209,0,0,0,0,0,-0.188667492,-0.128413509,0.058652213,0,0.195169699,0.223143551,2.58665212,12.67047535,0.10385107,0.287666518,0.287666518,0.287666518,0.287666617,0.287666617,0.287666617,1.6051,3.4071,1.8322,0.2718,0,0,0,1.70542219,0,3.70326669,0.09237332,1.93,0,0,5.209,0,0,0,0,0
ROUTE2,9/23/2014,7.320526962,0,-0.07788561,0,0,0,0,0,-0.251335458,-0.128413509,0.121320178,0,0.856214549,0.195169699,2.56023616,12.91851935,0.10385107,0,0.287666518,0.287666518,0.287666518,0.287666617,0.287666617,1.701,3.5214,3.4071,1.8322,0,0,0,2.60674349,1.70542219,0,0.09237332,1.93,0,0,1.159,0,0,0,0,0
ROUTE2,9/30/2014,7.503289631,0,0,0.000891405,0,0,0,0,-0.157283161,-0.128413509,0.027267881,-0.014815086,0.39496081,0.856214549,2.54104531,12.88776799,0.22579185,0,0,0.287666518,0.287666518,0.287666518,0.287666617,1.701,3.3326,3.5214,3.4071,0.4107,0,0,3.38742015,2.60674349,1.70542219,0.09237332,1.694,0,0,6.288,0,0,0,0,0
ROUTE2,10/7/2014,7.561641746,0,0,0.054775883,0,0,0,0,-0.163196319,-0.128413509,0.03318104,0,0.399175779,0.39496081,2.39767781,12.99782789,0.368216,0,0,0,0.287666518,0.287666518,0.287666518,1.701,4.8296,3.3326,3.5214,0.4107,0.4107,0,3.16931416,3.38742015,2.60674349,0.09237332,1.255,0,3.135,6.404,0,0,0,0,0
ROUTE2,10/14/2014,7.470224136,0,-0.056831457,0,0,0,0,0,-0.207618986,-0.128413509,0.077603707,0,0.377920994,0.399175779,2.30595123,13.01822917,0.368216,0,0,0,0,0.287666518,0.287666518,1.5176,3.6013,4.8296,3.3326,0,0.4107,0.4107,1.65439246,3.16931416,3.38742015,0.09237332,1.255,0,1.994,6.115,0,0,0,0,0
ROUTE2,10/21/2014,7.482681828,0.000775774,-0.0360455,0,0,0,0,0,-0.164840595,-0.128413509,0.034825315,0,0.551522219,0.377920994,2.25499034,12.74432762,0.368216,0,0,0,0,0,0.287666518,2.1332,4.7402,3.6013,4.8296,0,0,0.4107,2.2468763,1.65439246,3.16931416,0.09237332,1.255,0,0.947,6.129,0,0,0,0,0
ROUTE2,10/28/2014,7.477604243,0.001853857,-0.065812143,0,0,0,0,0,-0.180697585,-0.128413509,0.050682306,0,0.410676167,0.551522219,1.97641413,13.11517295,0.368216,0,0,0,0,0,0,2.1332,3.5648,4.7402,3.6013,0.0053,0,0,4.03223379,2.2468763,1.65439246,0.09237332,1.255,0,0.947,5.756,0,0,0,0,0
ROUTE2,11/4/2014,7.430114139,0,-0.020510756,0,0,0,0,0,-0.226702586,-0.128413509,0.096687307,0,0.515672791,0.410676167,1.99876839,13.06332634,0.32076459,0,0,0,0,0,0,2.1473,4.2434,3.5648,4.7402,0.0053,0.0053,0,0,4.03223379,2.2468763,0.09237332,0.602,0,3.814,5.855,0,0,0,0,0
ROUTE2,11/11/2014,7.40731771,0,-0.06137437,0,0,0,0,0,-0.125923685,-0.124321915,0,0,0.378457907,0.515672791,2.01691448,11.29165471,0.32076459,0,0,0,0,0,0,2.1473,3.7488,4.2434,3.5648,1.7145,0.0053,0.0053,2.90407811,0,4.03223379,0.09237332,0.602,0,0,6.429,0,0,0,0,0
ROUTE2,11/18/2014,7.401841579,0,-0.077124837,0,0,0,0,0,-0.096200059,-0.094598289,0,0,0.405987438,0.378457907,2.00015172,11.26464495,0.32076459,0,0,0,0,0,0,2.1473,4.4021,3.7488,4.2434,1.5148,1.7145,0.0053,0.637743944,2.90407811,0,0.09237332,0.602,0,0,6.03,0,0,0,0,0
ROUTE2,11/25/2014,7.065613364,0,-0.398303515,0,0,0,0,0,-0.023440839,-0.021839069,0,-0.194156014,0.927512795,0.405987438,1.57716765,9.35615847,0.32076459,0,0,0,0,0,0,2.1473,0.9732,4.4021,3.7488,1.5148,1.5148,1.7145,1.139459387,0.637743944,2.90407811,0.09237332,0.602,0,0,1.571,0,0,0,0,0
ROUTE2,12/2/2014,7.549082711,0.000494085,0,0.02100386,0,0,0,0,-0.061174313,-0.021839069,0.037733474,-0.159064695,0.562745681,0.927512795,1.90634667,2.404367787,0.4166349,0,0,0,0,0,0,2.1473,0.912,0.9732,4.4021,1.5148,1.5148,1.5148,2.78835584,1.139459387,0.637743944,0.09237332,0.305,0,0,1.272,0,0,0,0,0
ROUTE2,12/9/2014,7.496652438,0.003376692,0,0.072547544,0,0,0,0,0,-0.021839069,0,-0.230523659,1.533592237,0.562745681,2.11420239,2.255044148,0.45254945,0,0,0,0,0,0,1.931,0.9732,0.912,0.9732,0,1.5148,1.5148,0,2.78835584,1.139459387,0.09237332,0.157,0,3.349,1.004,0,0,0,0,0
ROUTE2,12/16/2014,7.541152455,0.004755859,0,0.11226021,0,0,0,0,-0.00160177,0,0,-0.194156014,1.355051147,1.533592237,1.53705639,1.779783278,0.45254945,0,0,0,0,0,0,1.1038,0,0.9732,0.912,0,0,1.5148,0,0,2.78835584,0.09237332,0.157,0,0,1.24,0,0,0,0,0
ROUTE2,12/23/2014,7.092573716,0.003404681,-0.343104309,0,0,0,0,0,-0.081821468,-0.080219698,0,-0.125163143,0.759471919,1.355051147,1.83962428,1.61655538,0.45254945,0,0,0,0,0,0,1.1038,2.2993,0,0.9732,0,0,0,0,0,0,0.09237332,0.157,0,0,2.284,0,0,0,0,0
ROUTE2,12/30/2014,7.316548177,0,-0.121928963,0,0,0,0,0,-0.22178743,-0.191123756,0.029061903,-0.125163143,0.457385165,0.759471919,0,0,0.43694067,0,0,0,0,0,0,1.1038,0,2.2993,0,0,0,0,0,0,0,0.09237332,0.115,0,1.032,1.2,0,0,0,0,0
ROUTE2,1/6/2015,7.882314919,0,0,0.34223468,0,0,0,0,-0.288050974,-0.191123756,0.095325448,0,0.252793654,0.457385165,1.83925129,0,0.39681834,0,0,0,0,0,0,1.1022,0.9732,0,2.2993,0,0,0,0,0,0,0.09237332,0.003,0,2.056,0.793,0,0,0,0,0
ROUTE2,1/13/2015,7.786551806,0,0,0.311942096,0,0,0,0,-0.306964282,-0.191123756,0.114238756,-0.09237332,0.549262331,0.252793654,1.78929447,0,0.39681834,0,0,0,0,0,0,1.1022,0.1009,0.9732,0,0,0,0,0,0,0,0.09237332,0.003,0,0,0.793,0,0,0,0,0
ROUTE2,1/20/2015,7.785720897,0,0,0.19381745,0,0,0,0,-0.314743844,-0.191123756,0.122018318,-0.125163143,0.547450736,0.549262331,2.50061943,0,0.39681834,0,0,0,0,0,0,1.1022,0.9732,0.1009,0.9732,0,0,0,0,0,0,0.09237332,0.003,0,0,0.793,0,0,0,0,0
ROUTE2,1/27/2015,7.929126487,0.000942256,0,0.248293453,0,0,0,0,-0.377800078,-0.191123756,0.185074552,-0.09237332,0.293932093,0.547450736,2.17154851,0,0.39681834,0,0,0,0,0,0,1.1022,0,0.9732,0.1009,0,0,0,0,0,0,0.09237332,0.003,0,0,2.613,0,0,0,0,0
ROUTE2,2/3/2015,7.964503364,0.009023994,0,0.270912073,0,0,0,0,-0.357464469,-0.191123756,0.164738943,-0.230523659,0.129211731,0.293932093,2.3443421,0,0.51505446,0,0,0,0,0,0,1.1022,0,0,0.9732,0,0,0,0,0,0,0.09237332,0.24,0,0,2.71,0,0,0,0,0
ROUTE2,2/10/2015,7.934513464,0.01179035,0,0.27261478,0,0,0,0,-0.297254877,-0.191123756,0.10452935,-0.194156014,0.116737557,0.129211731,1.97070744,0,0.53346949,0,0,0,0,0,0,1.1022,3.4914,0,0,0,0,0,0,0,0,0.09237332,0.274,0,0,0,0,0,0,0,0
ROUTE2,2/17/2015,7.848543482,0.010021564,0,0.15137543,0,0,0,0,-0.310627442,-0.191123756,0.117901916,-0.060624622,0.182190932,0.116737557,2.07172138,11.22346562,0.53346949,0,0,0,0,0,0,1.1022,0,3.4914,0,0,0,0,0,0,0,0.09237332,0.274,0,0,0,0,0,0,0,0
ROUTE2,2/24/2015,7.827639546,0.001824249,0,0.273768726,0,0,0,0,-0.276099626,-0.191123756,0.0833741,-0.029852963,0.184148518,0.182190932,2.21909324,12.03940246,0.53346949,0,0,0,0,0,0,1.2995,0,0,3.4914,0,0,0,1.75586224,0,0,0.09237332,0.274,0,0,0,0,0,0,0,0
ROUTE2,3/3/2015,7.89319887,0,0,0.335006163,0,0,0,0,-0.23830521,-0.191123756,0.045579683,0,1.24444364,0.184148518,1.71565347,12.35406753,0.43364512,0,0,0,0,0,0,1.5453,0,0,0,2.2279,0,0,0,1.75586224,0,0.09237332,0.188,0,0,0,0,0,0,0,0
ROUTE2,3/10/2015,7.781555959,0,0,0.23165217,0,0,0,0,-0.200375944,-0.191123756,0.007650417,0,0.807441029,1.24444364,1.58235348,12.09141748,0.41599411,0,0,0,0,0,0,1.6403,0,0,0,2.2279,2.2279,0,1.247191961,0,1.75586224,0.09237332,0.173,0,0,4.719,0,0,0,0,0
ROUTE2,3/17/2015,7.786551806,0.000447394,0,0.144845315,0,0,0,0,-0.195858547,-0.191123756,0.003133021,0,0.827510907,0.807441029,2.10583764,12.39884933,0.41599411,0,0,0,0,0,0,1.505,2.1935,0,0,0,2.2279,2.2279,3.23553567,1.247191961,0,0.09237332,0.173,0,0,5.369,0,0,0,0,0
ROUTE2,3/24/2015,7.778211475,0.000942327,0,0.175301288,0,0,0,0,-0.192725526,-0.191123756,0,0,0.230638902,0.827510907,1.56257776,12.56088623,0.41599411,0,0,0,0,0,0,1.382,3.6541,2.1935,0,0,0,2.2279,1.86419408,3.23553567,1.247191961,0.09237332,0.173,0,0,0,0,0,0,0,0
ROUTE2,3/31/2015,7.668093709,3.36E-05,0,0.135153295,0,0,0,0,-0.210676766,-0.191123756,0.017951239,-0.029852963,0.675755438,0.230638902,2.05999792,12.55960754,0.48978829,0,0,0,0,0,0,1.6246,4.2244,3.6541,2.1935,2.186,0,0,3.51197626,1.86419408,3.23553567,0.09237332,0.827,0,0,0,0,0,0,0,0
ROUTE2,4/7/2015,7.715569535,0.004907284,0,0.073990193,0,0,0,0,-0.187049703,-0.185447933,0,-0.029852963,0.859206075,0.675755438,2.02946136,12.51249665,0.58040523,0,0,0,0,0,0,1.7347,2.001,4.2244,3.6541,2.186,2.186,0,1.247191961,3.51197626,1.86419408,0.09237332,1.321,0,0,0,0,0,0,0,0
ROUTE2,4/14/2015,7.691656823,0.005732829,0,0.014927809,0,0,0,0,-0.20630648,-0.185447933,0.019256777,0,0.491518172,0.859206075,1.94919993,12.54180851,0.58040523,0,0,0,0,0,0,1.9176,0,2.001,4.2244,0,2.186,2.186,2.0723814,1.247191961,3.51197626,0.09237332,1.321,0,0,5,0,0,0,0,0
ROUTE2,4/21/2015,7.591357047,0,0,0.035596628,0,0,0,0,-0.23892993,-0.185447933,0.051880227,0,0.290421264,0.491518172,1.98136017,12.62628678,0.58040523,0,0,0,0,0,0,1.9176,4.3271,0,2.001,0,0,2.186,1.83742266,2.0723814,1.247191961,0.09237332,1.321,0,0,5.251,0,0,0,0,0
ROUTE2,4/28/2015,7.54802897,0.000753353,0,0.023023056,0,0,0,0,-0.162797496,-0.161195726,0,0,0.270888237,0.290421264,1.76907405,12.68772601,0.5414796,0,0,0,0,0,0,1.9967,0,4.3271,0,2.186,0,0,4.45796044,1.83742266,2.0723814,0.09237332,1.317,0,0,5.387,0,0,0,0,0
ROUTE2,5/5/2015,7.646831391,0.006675447,0,0.011225056,0,0,0,0,-0.249137125,-0.161195726,0.086339628,0,0.290421264,0.270888237,1.5398262,12.56617571,0.26946225,0,0,0,0,0,0,1.9345,2.001,0,4.3271,2.186,2.186,0,0,4.45796044,1.83742266,0.09237332,1.289,0,0,5.544,0,0,0,0,0
ROUTE2,5/12/2015,7.647308832,0.011755821,0,0.02038766,0,0,0,0,-0.243202666,-0.161195726,0.08040517,-0.029852963,0.218745178,0.290421264,1.50476439,12.60156918,0.26946225,0,0,0,0,0,0,1.9345,4.2244,2.001,0,0,2.186,2.186,2.29400587,0,4.45796044,0.09237332,1.289,0,0,5.455,0,0,0,0,0
ROUTE2,5/19/2015,7.587310506,0.015858184,-0.112520306,0,0,0,0,0,-0.248986583,-0.161195726,0.086189086,0,4.871235094,0.218745178,1.46945425,12.57291052,0.26946225,0,0,0,0,0,0,1.5416,0,4.2244,2.001,0,0,2.186,1.247191961,2.29400587,0,0.09237332,1.289,0,0,5.649,0,0,0,0,0
ROUTE2,5/26/2015,7.418180823,0.011850736,-0.236362292,0,0,0,0,0,-0.292572973,-0.161195726,0.129775477,0,5.314417469,4.871235094,1.70960588,12.65717806,0.26946225,0,0,0,0,0,0,1.5416,0,0,4.2244,2.186,0,0,0,1.247191961,2.29400587,0.09237332,1.289,0,0,5.185,0,0,0,0,0
ROUTE2,6/2/2015,7.40367029,0.005261481,-0.1436729,0,0,0,0,0,-0.151432649,-0.149830879,0,0,3.836363312,5.314417469,1.59151648,12.58700596,0.39025345,0,0,0,0,0,0,1.3949,0,0,0,2.186,2.186,0,4.24918229,0,1.247191961,0.121360857,0.649,0,0,5.443,0,0,0,0,0
ROUTE2,6/9/2015,7.437795122,0.000766782,-0.145786296,0,0,0,0,0,-0.184240204,-0.149830879,0.032807555,0,1.55962842,3.836363312,2.72131178,12.73610051,0.43476055,0.154141905,0,0,0,0,0,1.6248,4.2244,0,0,0,2.186,2.186,2.9502053,4.24918229,0,0.121360857,0.205,0,0,5.64,0,0,0,0,0
ROUTE2,6/16/2015,7.418180823,0,-0.18985464,0,0,0,0,0,-0.163426309,-0.149830879,0.01199366,0,1.479036413,1.55962842,2.8743574,12.13300894,0.43476055,0.154141905,0.154141905,0,0,0,0,1.8396,0,4.2244,0,0,0,2.186,3.56966358,2.9502053,4.24918229,0.121360857,0.205,0,0,4.931,0,0,0,0,0
ROUTE2,6/23/2015,7.273786318,0,-0.246416781,0,0,0,0,0,-0.146763371,-0.145161601,0,0,1.27578302,1.479036413,2.89031151,4.658372372,0.43476055,0.154141905,0.154141905,0.154141905,0,0,0,1.7642,0,0,4.2244,0,0,0,2.23530532,3.56966358,2.9502053,0.121360857,0.205,0,0,5.431,0,0,0,0,0
ROUTE2,6/30/2015,7.226936018,0,-0.279662089,0,0,0,0,0,-0.13783606,-0.13623429,0,-0.028987537,1.02827503,1.27578302,2.84657043,3.765344341,0.57382335,0.154141905,0.154141905,0.154141905,0.154141905,0,0,1.7642,0,0,0,0,0,0,2.67593846,2.23530532,3.56966358,0.121360857,0.192,0,0,5.407,0,0,0,0,0
ROUTE2,7/7/2015,7.493873887,0,-0.09131643,0,0,0,0,0,-0.106454452,-0.13623429,0,0,1.098089686,1.02827503,2.91493807,3.509410966,0.73347501,0.154141905,0.154141905,0.154141905,0.154141905,0.154141905,0,1.5674,0,0,0,0,0,0,0,2.67593846,2.23530532,0.121360857,0.173,0,0,5.973,0,0,0,0,0
ROUTE2,7/14/2015,7.363279587,0,-0.084262526,0,0,0,0,0,-0.083575611,-0.172187668,0,0,1.143064051,1.098089686,2.84549084,6.97143406,0.73347501,0.154141905,0.154141905,0.154141905,0.154141905,0.154141905,0.154141905,1.2229,3.2593,0,0,0,0,0,0,0,2.67593846,0.121360857,0.173,0,0,5.684,0,0,0,0,0
ROUTE2,7/21/2015,7.242797923,0,-0.158437945,0,0,0,0,0,-0.112695409,-0.172187668,0,0,1.263675002,1.143064051,2.73056443,8.21563433,0.73347501,0.154141905,0.154141905,0.154141905,0.154141905,0.154141905,0.154141905,1.0957,0,3.2593,0,0,0,0,0,0,0,0.121360857,0.173,0,0,0,0,0,0,0,0
ROUTE2,7/28/2015,7.377133713,0,-0.087216368,0,0,0,0,0,-0.215644671,-0.172187668,0.041855233,0,1.154245681,1.263675002,2.50965051,2.78147767,0.73347501,0.154141905,0.154141905,0.154141905,0.154141905,0.154141905,0.154141905,1.0957,0,0,3.2593,0,0,0,0,0,0,0.121360857,0.173,0,0,0,0,0,0,0,0
ROUTE2,8/4/2015,7.498315871,0,-0.097559559,0,0,0,0,0,-0.196306861,-0.172187668,0.022517423,0,2.011658473,1.154245681,2.56859233,2.48490665,0.44421663,0.287666617,0.154141905,0.154141905,0.154141905,0.154141905,0.154141905,1.0957,0,0,0,0,0,0,0,0,0,0.121360857,0.906,0,0,0,0,0,0,0,0
ROUTE2,8/11/2015,7.474204806,0,-0.0789672,0,0,0,0,0,-0.204366223,-0.172187668,0.030576784,0,1.374469233,2.011658473,2.42713152,2.934996039,0.44421663,0.287666617,0.287666617,0.154141905,0.154141905,0.154141905,0.154141905,1.4073,2.001,0,0,0,0,0,0,0,0,0.121360857,0.906,0,0,2.675,0,0,0,0,0
ROUTE2,8/18/2015,7.480428306,0,-0.122344001,0,0,0,0,0,-0.249133846,-0.172187668,0.075344408,0,1.623291352,1.374469233,2.05984706,2.799021979,0.44421663,0.287666617,0.287666617,0.287666617,0.154141905,0.154141905,0.154141905,1.4073,0,2.001,0,0,0,0,0,0,0,0.121360857,0.906,0,0,3.378,0,0,0,0,0
ROUTE2,8/25/2015,7.471363088,0,-0.107881223,0,0,0,0,0,-0.207411841,-0.172056747,0.033753324,0,1.047153991,1.623291352,1.9977775,3.160035325,0.44421663,0.287666617,0.287666617,0.287666617,0.287666617,0.154141905,0.154141905,1.4073,2.001,0,2.001,0,0,0,1.44580024,0,0,0.121360857,0.906,0,0,3.378,0,0,0,0,0
ROUTE2,9/1/2015,7.513709248,0,-0.045845693,0,0,0,0,0,-0.197540015,-0.172056747,0.023881498,0,1.038314155,1.047153991,1.97340141,2.567692844,0.50297001,0,0.287666617,0.287666617,0.287666617,0.287666617,0.154141905,1.4073,0,2.001,0,0,0,0,1.101580121,1.44580024,0,0.09237332,1.535,0,0,3.378,0,0,0,0,0
ROUTE2,9/8/2015,7.60190196,0,-0.013447304,0,0,0,0,0,-0.215792289,-0.172056747,0.042133772,-0.194156014,0.861526646,1.038314155,1.39034554,2.499677967,0.54487512,0,0,0.287666617,0.287666617,0.287666617,0.287666617,1.4352,3.2593,0,2.001,0,0,0,0,1.101580121,1.44580024,0.09237332,1.836,0,0,3.347,0,0,0,0,0
ROUTE2,9/15/2015,7.62900389,0,-0.027071209,0,0,0,0,0,-0.200690435,-0.172056747,0.027031918,-0.060624622,0.680131812,0.861526646,1.19395743,5.775992388,0.54487512,0,0,0,0.287666617,0.287666617,0.287666617,1.9163,2.001,3.2593,0,0,0,0,0,0,1.101580121,0.09237332,1.836,0,0,1.53,0,0,0,0,0
ROUTE2,9/22/2015,7.645875825,0,-0.07788561,0,0,0,0,0,-0.173789438,-0.172056747,0.000130921,0,1.379807852,0.680131812,0.83512924,2.921624302,0.54487512,0,0,0,0,0.287666617,0.287666617,1.9163,0,2.001,3.2593,0,0,0,2.65039381,0,0,0.09237332,1.836,0,0,1.53,0,0,0,0,0
ROUTE2,9/29/2015,7.670428522,0.000150274,0,0.000891405,0,0,0,0,-0.286130449,-0.172056747,0.112471932,0,1.212323421,1.379807852,1.22648574,2.448539006,0.46312434,0,0,0,0,0,0.287666617,1.9163,2.001,0,2.001,1.9419,0,0,3.18346882,2.65039381,0,0.09237332,1.572,0,0.993,5.722,0,0,0,0,0
ROUTE2,10/6/2015,7.7164608,0.005419754,0,0.054775883,0,0,0,0,-0.190756782,-0.172056747,0.017098265,0,1.011600912,1.212323421,1.39219701,1.961100315,0.22364389,0,0,0,0,0,0,1.9163,4.6725,2.001,0,1.9419,1.9419,0,2.13892281,3.18346882,2.65039381,0.09237332,0.173,0,0,5.849,0,0,0,0,0
ROUTE2,10/13/2015,7.59739632,0.0089663,-0.056831457,0,0,0,0,0,-0.173658517,-0.172056747,0,0,0.909370289,1.011600912,0.62620604,2.951929651,0.22364389,0,0,0,0,0,0,1.6788,4.3271,4.6725,2.001,2.6847,1.9419,1.9419,0,2.13892281,3.18346882,0.09237332,0.173,0,0,5.976,0,0,0,0,0
ROUTE2,10/20/2015,7.642524134,0.011473938,-0.0360455,0,0,0,0,0,-0.17981064,-0.172056747,0.006152123,0,1.045777908,0.909370289,0.30435554,2.864239618,0.22364389,0,0,0,0,0,0,1.9021,0,4.3271,4.6725,2.6847,2.6847,1.9419,2.78570703,0,2.13892281,0.09237332,0.173,0,0.993,6.485,0,0,0,0,0
ROUTE2,10/27/2015,7.559559496,0.011422439,-0.065812143,0,0,0,0,0,-0.195421161,-0.172056747,0.021762644,0,0.653989161,1.045777908,0.86739419,2.273597556,0.22364389,0,0,0,0,0,0,2.1117,2.867,0,4.3271,2.0388,2.6847,2.6847,4.39729064,2.78570703,0,0.09237332,0.173,0,0,6.075,0,0,0,0,0
ROUTE2,11/3/2015,7.687080156,0.013768344,-0.020510756,0,0,0,0,0,-0.242346221,-0.172056747,0.068687704,-0.029852963,0.613235081,0.653989161,1.31835597,11.6114616,0.07785942,0,0,0,0,0,0,1.9535,0.912,2.867,0,2.0388,2.0388,2.6847,0,4.39729064,2.78570703,0.09237332,0.559,0,0,6.368,0,0,0,0,0
ROUTE2,11/10/2015,7.624130586,0.012807061,-0.06137437,0,0,0,0,0,-0.209994886,-0.172056747,0.036336369,0,0.928751952,0.613235081,1.08308004,11.46044048,0.05135342,0,0,0,0,0,0,1.7741,0,0.912,2.867,2.0388,2.0388,2.0388,2.13892281,0,4.39729064,0.09237332,0.611,0,0,6.245,0,0,0,0,0
ROUTE2,11/17/2015,7.578656851,0.008003247,-0.077124837,0,0,0,0,0,-0.298483702,-0.172056747,0.124825185,0,0.799016971,0.928751952,0.66667311,10.98130719,0.05135342,0,0,0,0,0,0,1.5161,2.682,0,0.912,2.0388,2.0388,2.0388,1.247191961,2.13892281,0,0.09237332,0.611,0,0,5.858,0,0,0,0,0
ROUTE2,11/24/2015,7.157735484,0.003128329,-0.398303515,0,0,0,0,0,-0.255556214,-0.172056747,0.081897697,-0.169899037,0.689614302,0.799016971,0,10.00435854,0.05135342,0,0,0,0,0,0,1.0957,0,2.682,0,0,2.0388,2.0388,1.86419408,1.247191961,2.13892281,0.031748698,0.611,0,0,5.968,0,0,0,0,0
ROUTE2,12/1/2015,7.568895663,0.002701857,0,0.02100386,0,0,0,0,-0.126786549,-0.125184779,0,-0.098440073,0.776920562,0.689614302,0.347363434,9.87634023,0.23907415,0,0,0,0,0,0,1.0957,4.1368,0,2.682,0,0,2.0388,4.28986061,1.86419408,1.247191961,0.031748698,0.441,0,0,5.995,0,0,0,0,0
ROUTE2,12/8/2015,7.636752112,0.003233735,0,0.072547544,0,0,0,0,-0.090966814,-0.089365044,0,-0.169899037,3.044522438,0.776920562,0.941204277,8.85622847,0.35984418,0,0,0,0,0,0,1.0957,4.9609,4.1368,0,0,0,0,1.54110441,4.28986061,1.86419408,0.031748698,0.291,0,0,1.574,0,0,0,0,0
ROUTE2,12/15/2015,7.599401333,0.00012945,0,0.11226021,0,0,0,0,-0.080903378,-0.089365044,0,-0.133531393,4.131196303,3.044522438,1.52923259,7.83443472,0.35984418,0,0,0,0,0,0,1.0957,2.682,4.9609,4.1368,0,0,0,2.50263479,1.54110441,4.28986061,0.031748698,0.291,0,0,1.279,0,0,0,0,0
ROUTE2,12/22/2015,7.212294469,0,-0.343104309,0,0,0,0,0,-0.200877996,-0.155388419,0.043887807,-0.064538521,4.756012668,4.131196303,1.546449873,0,0.35984418,3.018286738,0,0,0,0,0,1.0957,0,2.682,4.9609,0,0,0,2.50263479,2.50263479,1.54110441,0.031748698,0.291,0,0,1.987,0,0,0,0,0
ROUTE3,1/1/2013,6.458338283,0,0,0,0,0,0,0,-0.385006106,-0.348584824,0.034966131,-0.336472237,0,0,2.29782184,0,0.13105649,0,0,0,0,0,0,0,0,0,0,0,0,0,2.98109521,0,0,0.024097551,0.224,0,0,0,0,0,0,0,0
ROUTE3,1/8/2013,7.091742115,0,0,0,0,0,0,0,-0.350039974,-0.348584824,0,0,0.654803825,0,2.32129244,0,0.69067227,0,0,0,0,0,0,0.9765,0,0,0,0,0,0,0,2.98109521,0,0.024097551,0.784,0,2.936,0.028,0,0,0,0,0
ROUTE3,1/15/2013,7.087573706,0,0,0.165035092,0,0,0,0,-0.467097387,-0.348584824,0.117057413,0,1.024343545,0.654803825,1.9739773,0,0.69067227,0,0,0,0,0,0,0,0,0,0,0,0,0,0,0,2.98109521,0.024097551,0.784,7.411,0,0.719,0,0,0,0,0
ROUTE3,1/22/2013,7.00033446,0.00059729,0,0.106632615,0,0,0,0,-0.420703173,-0.348584824,0.070663199,0,0.859206075,1.024343545,1.97360305,0,0.69067227,0,0,0,0,0,0,0,0,0,0,0,0,0,0,0,0,0.024097551,0.784,4.504,1.624,0.719,0,0,0,0,0
ROUTE3,1/29/2013,7.014814351,0.00456349,0,0.110492312,0,0,0,0,-0.4249126,-0.348584824,0.074872626,0,0.760571424,0.859206075,2.08198672,0,0.66216028,0,0,0,0,0,0,0,0,0,0,0,0,0,0,0,0,0.024097551,0.785,7.284,0,0.719,0,0,0,0,0
ROUTE3,2/5/2013,7.061334367,0.007177983,0,0.108172159,0,0,0,0,-0.428649218,-0.348584824,0.078609244,0,0.5392577,0.760571424,2.19025601,0,0.47156361,0,0,0,0,0,0,0.4506,0,0,0,0,0,0,0,0,0,0.024097551,0.794,6.824,2.44,0.834,0,0,0,0,0
ROUTE3,2/12/2013,7.065613364,0.006664731,0,0.128593938,0,0,0,0,-0.428422037,-0.348584824,0.078382063,0,0.484784139,0.5392577,2.17665519,0,0.47156361,0,0,0,0,0,0,0.4506,0,0,0,0,0,0,0,0,0,0.024097551,0.794,8.781,3.072,0.834,0,0,0,0,0
ROUTE3,2/19/2013,6.927557906,0.002094923,-0.006846319,0,0,0,0,0,-0.409593226,-0.348584824,0.059553252,0,0.360585782,0.484784139,2.10030547,0,0.47156361,0,0,0,0,0,0,0.4506,0,0,0,0,0,0,0,0,0,0.024097551,0.794,10.307,1.328,0.834,0,0,0,0,0
ROUTE3,2/26/2013,7.090076836,0,0,0.133824749,0,0,0,0,-0.340282277,-0.338827127,0,0,0.519875459,0.360585782,2.00821898,0,0.46297348,0,0,0,0,0,0,0.4506,0,0,0,0,0,0,0,0,0,0.024097551,0.762,0,0,0.834,0,0,0,0,0
ROUTE3,3/5/2013,7.020190708,0,0,0.141914441,0,0,0,0,-0.407042411,-0.338827127,0.066760134,0,1.046603785,0.519875459,2.0118178,0,0.40982291,2.220971298,0,0,0,0,0,0.4506,4.7738,0,0,2.9766,0,0,0,0,0,0.024097551,0.541,0,1.741,0.081,0,0,0,0,0
ROUTE3,3/12/2013,6.962243464,0,0,0.056256162,0,0,0,0,-0.400320467,-0.338827127,0.06003819,0,0.817180237,1.046603785,1.90902131,0,0.40982291,3.883681838,2.220971298,0,0,0,0,0.556,2.7495,4.7738,0,2.9766,2.9766,0,0,0,0,0.024097551,0.541,0,0,0.081,0,0,0,0,0
ROUTE3,3/19/2013,6.883462586,0,-0.040937878,0,0,0,0,0,-0.441519531,-0.338827127,0.101237254,0,1.047428981,0.817180237,1.19395443,0,0.40982291,3.332815448,3.883681838,2.220971298,0,0,0,0.556,4.9435,2.7495,4.7738,2.9766,2.9766,2.9766,2.5355022,0,0,0.024097551,0.541,0,1.426,0.081,0,0,0,0,0
ROUTE3,3/26/2013,6.903747258,0.002187352,0,0.026147312,0,0,0,0,-0.448824191,-0.338827127,0.108541914,0,0.817872278,1.047428981,0.85767065,0,0.40982291,0,3.332815448,3.883681838,2.220971298,0,0,0.556,0,4.9435,2.7495,0,2.9766,2.9766,0,2.5355022,0,0.024097551,0.541,0,0,0.081,0,0,0,0,0
ROUTE3,4/2/2013,6.967909202,0.006874228,0,0.061315632,0,0,0,0,-0.325630201,-0.324175051,0,0,0.738348287,0.817872278,0.96843907,0,0.6079365,0,0,3.332815448,3.883681838,2.220971298,0,0.556,1.8322,0,4.9435,0,0,2.9766,1.216531225,0,2.5355022,0.024097551,0.442,6.486,0,0.773,0,0,0,0,0
ROUTE3,4/9/2013,7.001245622,0.002385803,0,0.079394575,0,0,0,0,-0.352552713,-0.324175051,0.026922513,0,0.863180907,0.738348287,1.04752895,0,0.67735932,3.125597738,0,0,3.332815448,3.883681838,2.220971298,2.2132,4.9435,1.8322,0,3.034,0,0,1.67618516,1.216531225,0,0.024097551,0.399,7.901,1.184,0.665,0,0,0,0,0
ROUTE3,4/16/2013,6.910750788,0,0,0.054232573,0,0,0,0,-0.340260874,-0.324175051,0.014630673,0,0.96164164,0.863180907,0.9084987,0,0.67735932,3.162619438,3.125597738,0,0,3.332815448,3.883681838,2.2132,2.5253,4.9435,1.8322,3.034,3.034,0,0,1.67618516,1.216531225,0.024097551,0.399,8.271,0,0.665,0,0,0,0,0
ROUTE3,4/23/2013,7.007600614,0,0,0.079485116,0,0,0,0,-0.326263216,-0.324175051,0.000633016,-0.048790164,1.25678532,0.96164164,1.02926352,0,0.67735932,3.162619438,3.162619438,3.125597738,0,0,3.332815448,2.2132,4.7333,2.5253,4.9435,3.034,3.034,3.034,1.74454094,0,1.67618516,0.024097551,0.399,8.554,1.021,0,0,0,0,0,0
ROUTE3,4/30/2013,7.074116816,0,0,0.151383161,0,0,0,0,-0.300279462,-0.298824312,0,0,0.857545221,1.25678532,1.0684381,0,0.64214698,0,3.162619438,3.162619438,3.125597738,0,0,2.2132,2.9308,4.7333,2.5253,0,3.034,3.034,4.02688681,1.74454094,0,0.024097551,0.906,8.533,0,0,0,0,0,0,0
ROUTE3,5/7/2013,6.928537818,0,0,0.15865538,0,0,0,0,-0.250712043,-0.249256893,0,0,0.9610423,0.857545221,1.1527319,0,0.59318132,0,0,3.162619438,3.162619438,3.125597738,0,1.9389,3.4914,2.9308,4.7333,0,0,3.034,2.53547936,4.02688681,1.74454094,0.024097551,1.331,8.69,1.446,0,0,0,0,0,0
ROUTE3,5/14/2013,6.902742737,0,0,0.107046234,0,0,0,0,-0.236102606,-0.249256893,0,0,1.076958419,0.9610423,1.26091389,0,0.59318132,3.154995218,0,0,3.162619438,3.162619438,3.125597738,2.3468,4.8876,3.4914,2.9308,3.034,0,0,1.188212316,2.53547936,4.02688681,0.024097551,1.331,9.119,0,0,0,0,0,0,0
ROUTE3,5/21/2013,6.9902565,0,0,0.125950469,0,0,0,0,-0.272640238,-0.253899335,0.017285753,0,1.180822888,1.076958419,1.42411392,0,0.59318132,3.154995218,3.154995218,0,0,3.162619438,3.162619438,2.3468,4.1756,4.8876,3.4914,3.034,3.034,0,2.95524333,1.188212316,2.53547936,0.024097551,1.331,8.852,1.784,0,0,0,0,0,0
ROUTE3,5/28/2013,6.845879875,0.001763987,-0.017744403,0,0,0,0,0,-0.279184206,-0.253899335,0.023829721,0,0.745439192,1.180822888,1.24194541,0,0.59318132,0,3.154995218,3.154995218,0,0,3.162619438,2.255,0,4.1756,4.8876,0,3.034,3.034,3.76845532,2.95524333,1.188212316,0.024097551,1.331,8.912,0,0.032,0,0,0,0,0
ROUTE3,6/4/2013,7.044032897,0.007560062,0,0.122425482,0,0,0,0,-0.291791609,-0.253899335,0.036437125,0,0.596111375,0.745439192,1.34957029,0,0.56416793,0,0,3.154995218,3.154995218,0,0,1.4238,3.8547,0,4.1756,0,0,3.034,2.39337993,3.76845532,2.95524333,0.024097551,1.311,7.6,1.822,0.807,0,0,0,0,0
ROUTE3,6/11/2013,6.876264612,7.55E-05,0,0.078528091,0,0,0,0,-0.255354485,-0.253899335,0,0,0.541996177,0.596111375,1.39908736,0,0.56416793,0,0,0,3.154995218,3.154995218,0,1.4238,0,3.8547,0,0,0,0,0,2.39337993,3.76845532,0.024097551,1.311,0,0,0.807,0,0,0,0,0
ROUTE3,6/18/2013,6.816735881,0,-0.009934556,0,0,0,0,0,-0.320054635,-0.253899335,0.064700151,0,0.642925742,0.541996177,1.35359235,0,0.56416793,0.557353058,0,0,0,3.154995218,3.154995218,1.4238,0,0,3.8547,0,0,0,0.965081943,0,2.39337993,0.024097551,1.311,0,1.021,0.115,0,0,0,0,0
ROUTE3,6/25/2013,6.791221463,0,-0.065636496,0,0,0,0,0,-0.372924316,-0.253899335,0.117569831,0,1.558969224,0.642925742,1.40720678,0,0.56416793,0.557353058,0.557353058,0,0,0,3.154995218,0.8173,2.0299,0,0,0,0,0,1.67618516,0.965081943,0,0.024097551,1.311,0,0,0,0,0,0,0,0
ROUTE3,7/2/2013,6.695798917,0.005030755,-0.147332339,0,0,0,0,0,-0.316900825,-0.253899335,0.06154634,0,0.547450736,1.558969224,1.01393687,0,0.45824685,0.586349738,0.557353058,0.557353058,0,0,0,0.8173,0,2.0299,0,0,0,0,3.96048314,1.67618516,0.965081943,0.024097551,0.699,0,0,0,0,0,0,0,0
ROUTE3,7/9/2013,6.852242569,0.017094906,-0.074848858,0,0,0,0,0,-0.359958956,-0.253899335,0.104604471,0,0.704059214,0.547450736,1.29863722,0,0.41252365,0.586349738,0.586349738,0.557353058,0.557353058,0,0,0.8173,0,0,2.0299,0,0,0,0,3.96048314,1.67618516,0.024097551,0.287,0,2,4.805,0,0,0,0,0
ROUTE3,7/16/2013,6.869014451,0.028507846,-0.118776538,0,0,0,0,0,-0.340805494,-0.253899335,0.085451009,0,0.670558544,0.704059214,1.22048774,0,0.41252365,0,0.586349738,0.586349738,0.557353058,0.557353058,0,0.8173,0,0,0,0,0,0,1.77618912,0,3.96048314,0.024097551,0.287,0,0,4.383,0,0,0,0,0
ROUTE3,7/23/2013,6.809039306,0.029882871,-0.103787364,0,0,0,0,0,-0.351776973,-0.253899335,0.096422489,0,0.64457251,0.670558544,1.19727714,0,0.41252365,0,0,0.586349738,0.586349738,0.557353058,0.557353058,0.4506,0,0,0,0,0,0,1.67685922,1.77618912,0,0.024097551,0.287,0,1.714,4.86,0,0,0,0,0
ROUTE3,7/30/2013,6.739336627,0.032686297,-0.181735838,0,0,0,0,0,-0.416469871,-0.253899335,0.161115386,0,0.582198107,0.64457251,1.27164798,0,0.38483896,0,0,0,0.586349738,0.586349738,0.557353058,0.4506,1.3368,0,0,0,0,0,1.59482718,1.67685922,1.77618912,0.024097551,0.245,0,0,0,0,0,0,0,0
ROUTE3,8/6/2013,6.927557906,0.041007831,-0.02529728,0,0,0,0,0,-0.310215654,-0.253899335,0.05486117,0,0.502483717,0.582198107,1.24539634,0,0.31207613,0,0,0,0,0.586349738,0.586349738,0.4506,1.3368,1.3368,0,0,0,0,0,1.59482718,1.67685922,0.024097551,0.133,4.466,2.183,5.842,0,0,0,0,0
ROUTE3,8/13/2013,6.924612396,0.036751395,-0.021056433,0,0,0,0,0,-0.336337457,-0.253899335,0.080982972,0,0.496300582,0.502483717,1.17916568,0,0.31207613,2.220971298,0,0,0,0,0.586349738,0.4506,0,1.3368,1.3368,2.4018,0,0,0,0,1.59482718,0.024097551,0.133,6.217,0,5.368,0,0,0,0,0
ROUTE3,8/20/2013,6.9117473,0.031521606,-0.044874449,0,0,0,0,0,-0.359660267,-0.253899335,0.104305782,0,0.554677506,0.496300582,1.60722688,0,0.31207613,2.220971298,2.220971298,0,0,0,0,0.4506,0,0,1.3368,2.4018,2.4018,0,0,0,0,0.024097551,0.133,5.676,2.29,5.66,0,0,0,0,0
ROUTE3,8/27/2013,6.88857246,0.026162983,0,0.019894793,0,0,0,0,-0.256884377,-0.253899335,0.001529893,0,0.414825551,0.554677506,2.14308087,0,0.31207613,2.220971298,2.220971298,2.220971298,0,0,0,0.4506,1.3368,0,0,2.4018,2.4018,2.4018,3.15119629,0,0,0.024097551,0.133,6.378,0,5.551,0,0,0,0,0
ROUTE3,9/3/2013,7.001245622,0.024628701,0,0.126951498,0,0,0,0,-0.238516081,-0.237060931,0,0,1.020396542,0.414825551,1.99908506,0,0.48572018,2.810967148,2.220971298,2.220971298,2.220971298,0,0,0.4506,4.1763,1.3368,0,2.1502,2.4018,2.4018,1.159113251,3.15119629,0,0.024097551,1.207,6.042,2.277,5.775,0,0,0,0,0
ROUTE3,9/10/2013,7.081708586,0.018431769,0,0.20030923,0,0,0,0,-0.22229057,-0.22083542,0,0,0.356753311,1.020396542,2.00977847,0,0.51194072,2.895540918,2.810967148,2.220971298,2.220971298,2.220971298,0,0.4506,4.1756,4.1763,1.3368,2.1502,2.1502,2.4018,1.63254399,1.159113251,3.15119629,0.024097551,1.311,5.496,0,6.559,0,0,0,0,0
ROUTE3,9/17/2013,7.036148494,0.009236308,0,0.172996261,0,0,0,0,-0.173640388,-0.172185238,0,0,0.616624915,0.356753311,2.20999367,0,0.51194072,3.307234688,2.895540918,2.810967148,2.220971298,2.220971298,2.220971298,2.4705,4.8979,4.1756,4.1763,2.9771,2.1502,2.1502,2.36965325,1.63254399,1.159113251,0.024097551,1.311,8.395,1.549,5.703,0,0,0,0,0
ROUTE3,9/24/2013,6.993015123,0,0,0.112141268,0,0,0,0,-0.234651235,-0.172185238,0.061010847,0,0.475571953,0.616624915,2.31298497,0,0.51194072,3.176639248,3.307234688,2.895540918,2.810967148,2.220971298,2.220971298,2.4806,0,4.8979,4.1756,2.9356,2.9771,2.1502,1.63643157,2.36965325,1.63254399,0.024097551,1.311,7.591,0,2.57,0,0,0,0,0
ROUTE3,10/1/2013,7.079184395,0,0,0.17438554,0,0,0,0,-0.252662782,-0.172185238,0.079022394,0,0.600419869,0.475571953,2.33334622,0,0.40869303,3.150863478,3.176639248,3.307234688,2.895540918,2.810967148,2.220971298,2.4806,4.0785,0,4.8979,3.0357,2.9356,2.9771,4.18452977,1.63643157,2.36965325,0.024097551,1.297,8.269,0,5.081,0,0,0,0,0
ROUTE3,10/8/2013,6.978213743,0,0,0.101692161,0,0,0,0,-0.304034085,-0.172185238,0.130393697,0,0.452910885,0.600419869,2.27632304,0,0.32359853,2.649008198,3.150863478,3.176639248,3.307234688,2.895540918,2.810967148,2.4806,0,4.0785,0,2.2795,3.0357,2.9356,3.03678315,4.18452977,1.63643157,0.024097551,1.287,9.295,2.049,5.565,0,0,0,0,0
ROUTE3,10/15/2013,6.90475077,0,0,0.081682804,0,0,0,0,-0.249119041,-0.172185238,0.075478653,0,0.446412487,0.452910885,2.32101634,0,0.32359853,3.150863478,2.649008198,3.150863478,3.176639248,3.307234688,2.895540918,1.956,4.6169,0,4.0785,3.0542,2.2795,3.0357,1.74454094,3.03678315,4.18452977,0.024097551,1.287,8.802,0,5.204,0,0,0,0,0
ROUTE3,10/22/2013,7.056175284,0.003107797,0,0.124071672,0,0,0,0,-0.332127948,-0.172185238,0.15848756,0,0.942892981,0.446412487,2.44059616,0,0.32359853,3.150863478,3.150863478,2.649008198,3.150863478,3.176639248,3.307234688,1.9389,1.1238,4.6169,0,3.0542,3.0542,2.2795,2.0961435,1.74454094,3.03678315,0.024097551,1.287,8.825,1.549,3.173,0,0,0,0,0
ROUTE3,10/29/2013,6.882437471,0,0,0.123826821,0,0,0,0,-0.272804182,-0.172185238,0.099163794,0,1.657481418,0.942892981,2.47821314,0,0.37918223,0,3.150863478,3.150863478,2.649008198,3.150863478,3.176639248,1.9389,4.2218,1.1238,4.6169,0,3.0542,3.0542,3.26708445,2.0961435,1.74454094,0.024097551,1.184,8.901,0,1.677,0,0,0,0,0
ROUTE3,11/5/2013,6.947937069,0,0,0.053067262,0,0,0,0,-0.327249476,-0.172185238,0.153609089,0,4.214215281,1.657481418,2.4337573,0,0.66014397,0,0,3.150863478,3.150863478,2.649008198,3.150863478,1.9389,4.3804,4.2218,1.1238,0,0,3.0542,0,3.26708445,2.0961435,0.024097551,0.139,9.249,1.426,6.109,0,0,0,0,0
ROUTE3,11/12/2013,6.805722553,0,0,0.026209228,0,0,0,0,-0.325286428,-0.172185238,0.15164604,0,0.921917505,4.214215281,2.38785325,0,0.66014397,0,0,0,3.150863478,3.150863478,2.649008198,0.9785,4.358,4.3804,4.2218,0,0,0,0,0,3.26708445,0.024097551,0.139,8.628,0,4.308,0,0,0,0,0
ROUTE3,11/19/2013,6.728628613,0,-0.079342795,0,0,0,0,0,-0.267636323,-0.172185238,0.093995935,0,0.463812876,0.921917505,2.38984841,0,0.66014397,0,0,0,0,3.150863478,3.150863478,0.9785,2.6011,4.358,4.3804,0,0,0,0,0,0,0.024097551,0.139,9.029,1.641,4.796,0,0,0,0,0
ROUTE3,11/26/2013,6.538139824,0,-0.289863799,0,0,0,0,0,-0.335848985,-0.172185238,0.162208597,0,0.215591596,0.463812876,2.27263816,0,0.66014397,0,0,0,0,0,3.150863478,0.9785,2.567,2.6011,4.358,0,0,0,2.22658212,0,0,0.024097551,0.139,8.266,0,5.686,0,0,0,0,0
ROUTE3,12/3/2013,6.635946556,0,-0.133240911,0,0,0,0,0,-0.289189517,-0.172185238,0.11554913,-0.048790164,2.022605775,0.215591596,2.47936407,0,0.35223598,0,0,0,0,0,0,0.9785,0.568,2.567,2.6011,0,0,0,0,2.22658212,0,0.024097551,0.124,8.691,2.377,1.843,0,0,0,0,0
ROUTE3,12/10/2013,6.539585956,0.00599691,-0.325221539,0,0,0,0,0,-0.322070235,-0.172185238,0.148429847,0,1.336278917,2.022605775,2.38480651,0,0.29025847,0,0,0,0,0,0,0.8543,1.1238,0.568,2.567,0,0,0,0,0,2.22658212,0.024097551,0.122,5.024,0,0.908,0,0,0,0,0
ROUTE3,12/17/2013,6.490723535,0.010224211,-0.300001175,0,0,0,0,0,-0.143853359,-0.142398209,0,0,0.961941176,1.336278917,2.15684555,0,0.29025847,0,0,0,0,0,0,0.8543,0,1.1238,0.568,0,0,0,0,0,0,0.024097551,0.122,4.267,1.659,1.856,0,0,0,0,0
ROUTE3,12/24/2013,5.899897354,0.000488508,-0.815151635,0,0,0,0,0,-0.324745626,-0.142398209,0.180892267,0,0.637969102,0.961941176,2.30027132,0,0.29025847,0,0,0,0,0,0,0.8543,0,0,1.1238,0,0,0,0,0,0,0.024097551,0.122,5.627,0,1.856,0,0,0,0,0
ROUTE3,12/31/2013,6.343880434,0.008350291,-0.660616418,0,0,0,0,0,-0.389888274,-0.142398209,0.246034915,0,0.375770455,0.637969102,2.49804915,0,0.3991529,0,0,0,0,0,0,2.2164,0,0,0,0,0,0,0,0,0,0.024097551,0.072,5.161,0,1.744,0,0,0,0,0
ROUTE3,1/7/2014,6.925595197,0.004173958,0,0.149532992,0,0,0,0,-0.193495899,-0.142398209,0.04964254,0,0.33960213,0.375770455,2.58705461,0,0.52804428,0,0,0,0,0,0,0.8732,3.4914,0,0,0,0,0,0,0,0,0.024097551,0,4.509,1.549,0.192,0,0,0,0,0
ROUTE3,1/14/2014,6.985641818,0.002803652,0,0.165035092,0,0,0,0,-0.244961087,-0.142398209,0.101107728,0,0.131275716,0.33960213,2.48084065,0,0.52804428,0,0,0,0,0,0,0.8732,0,3.4914,0,0,0,0,0,0,0,0.024097551,0,5.636,0,0.192,0,0,0,0,0
ROUTE3,1/21/2014,6.978213743,0.005765124,0,0.106632615,0,0,0,0,-0.224013254,-0.142398209,0.080159895,0,0.658461623,0.131275716,2.26558769,0,0.52804428,0,0,0,0,0,0,0.8732,0,0,3.4914,0,0,0,0,0,0,0.024097551,0,3.968,1.426,0.192,0,0,0,0,0
ROUTE3,1/28/2014,6.943122423,0.004666049,0,0.110492312,0,0,0,0,-0.164961621,-0.142398209,0.021108262,0,3.770813307,0.658461623,2.25841573,0,0.52804428,0,0,0,0,0,0,0.8732,1.0378,0,0,0,0,0,0,0,0,0.024097551,0,0,0,0.192,0,0,0,0,0
ROUTE3,2/4/2014,6.897704943,0,0,0.108172159,0,0,0,0,-0.216423048,-0.142398209,0.072569689,-0.100083459,1.903720411,3.770813307,2.34033217,0,0.12622098,0,0,0,0,0,0,0.8732,0,1.0378,0,0,0,0,0,0,0,0.024097551,0.18,2.955,2.248,0.249,0,0,0,0,0
ROUTE3,2/11/2014,6.882437471,0,0,0.128593938,0,0,0,0,-0.166739345,-0.142398209,0.022885986,0,0.627563181,1.903720411,2.49924014,0,0.12622098,0,0,0,0,0,0,0.8732,3.3642,0,1.0378,0,0,0,0,0,0,0.024097551,0.18,2.77,0,6.66,0,0,0,0,0
ROUTE3,2/18/2014,6.800170068,0,-0.006846319,0,0,0,0,0,-0.149248033,-0.142398209,0.005394674,-0.048790164,0.564084071,0.627563181,2.38069626,0,0.12622098,0,0,0,0,0,0,0.8732,0,3.3642,0,0,0,0,0,0,0,0.024097551,0.18,2.572,2.034,7.127,0,0,0,0,0
ROUTE3,2/25/2014,6.995766156,0,0,0.133824749,0,0,0,0,-0.159904765,-0.142398209,0.016051406,-0.048790164,0.346276237,0.564084071,2.54727392,0,0.12622098,0,0,0,0,0,0,0.8732,0,0,3.3642,0,0,0,0,0,0,0.024097551,0.18,0,1.808,7.285,0,0,0,0,0
ROUTE3,3/4/2014,7.075808864,0,0,0.141914441,0,0,0,0,-0.131498361,-0.130043211,0,0,0.372535951,0.346276237,2.57449603,0,0,2.588024378,0,0,0,0,0,0.8732,3.026,0,0,0,0,0,0,0,0,0.024097551,1.315,0,0,5.12,0,0,0,0,0
ROUTE3,3/11/2014,6.97634807,0.009877986,0,0.056256162,0,0,0,0,-0.194623393,-0.130043211,0.063125032,0,0.455399067,0.372535951,2.52358372,0,0,2.588024378,2.588024378,0,0,0,0,2.3544,3.4914,3.026,0,2.2753,0,0,1.058627126,0,0,0.024097551,1.315,0,0,4.329,0,0,0,0,0
ROUTE3,3/18/2014,6.893656355,0.018951978,-0.040937878,0,0,0,0,0,-0.187872859,-0.130043211,0.056374498,-0.048790164,0.753956185,0.455399067,2.37135094,1.359143372,0,2.518412068,2.588024378,2.588024378,0,0,0,2.3544,0,3.4914,3.026,2.2753,2.2753,0,2.90229503,1.058627126,0,0.024097551,1.315,0,1.549,2.296,0,0,0,0,0
ROUTE3,3/25/2014,6.941190055,0.024315234,0,0.026147312,0,0,0,0,-0.141972871,-0.130043211,0.010474509,-0.048790164,0.673759828,0.753956185,2.45328579,11.56021246,0,0,2.518412068,2.588024378,2.588024378,0,0,2.3544,3.3299,0,3.4914,0,2.2753,2.2753,0,2.90229503,1.058627126,0.024097551,1.315,3.581,0,1.95,0,0,0,0,0
ROUTE3,4/1/2014,6.854354502,0.016040258,0,0.061315632,0,0,0,0,-0.129931053,-0.128475903,0,0,0.643337688,0.673759828,2.44729945,11.5883973,0.10877986,0,0,2.518412068,2.588024378,2.588024378,0,2.6424,3.026,3.3299,0,0,0,2.2753,3.96250215,0,2.90229503,0.024097551,1.329,0,2.65,0.206,0,0,0,0,0
ROUTE3,4/8/2014,6.931471806,0.013731096,0,0.079394575,0,0,0,0,-0.149572684,-0.128475903,0.019641632,0,0.49820716,0.643337688,2.31198325,11.83927083,0.1832416,2.761079338,0,0,2.518412068,2.588024378,2.588024378,2.3476,4.6167,3.026,3.3299,2.3535,0,0,2.19787554,3.96250215,0,0.024097551,1.34,2.302,1.785,0,0,0,0,0,0
ROUTE3,4/15/2014,6.91968385,0.01532057,0,0.054232573,0,0,0,0,-0.149613613,-0.128475903,0.019682561,0,0.767143189,0.49820716,2.31512138,12.24334589,0.1832416,2.761079338,2.761079338,0,0,2.518412068,2.588024378,2.3152,3.3299,4.6167,3.026,2.3535,2.3535,0,2.66634753,2.19787554,3.96250215,0.024097551,1.34,3.157,0,0,0,0,0,0,0
ROUTE3,4/22/2014,6.947937069,0.011967799,0,0.079485116,0,0,0,0,-0.088306047,-0.086850897,0,0,0.40441963,0.767143189,2.31148863,12.12475819,0.1832416,2.584232578,2.761079338,2.761079338,0,0,2.518412068,2.3152,0,3.3299,4.6167,2.3535,2.3535,2.3535,1.99034219,2.66634753,2.19787554,0.024097551,1.34,1.874,1.021,0,0,0,0,0,0
ROUTE3,4/29/2014,6.959398512,0.006332186,0,0.151383161,0,0,0,0,-0.078762614,-0.077307464,0,-0.048790164,0.392846644,0.40441963,2.31991946,12.12871864,0.25299211,0.154141905,2.584232578,2.761079338,2.761079338,0,0,2.0206,3.3299,0,3.3299,0,2.3535,2.3535,4.05565635,1.99034219,2.66634753,0.024097551,1.119,3.897,0,0,0,0,0,0,0
ROUTE3,5/6/2014,6.972606251,0.003900597,0,0.15865538,0,0,0,0,-0.06281889,-0.077307464,0,0,0.368749093,0.392846644,1.84745405,12.38021171,0.40865636,2.584232578,0.154141905,2.584232578,2.761079338,2.761079338,0,1.3564,4.8996,3.3299,0,2.3549,0,2.3535,3.12348073,4.05565635,1.99034219,0.024097551,0.163,2.583,3.052,0.057,0,0,0,0,0
ROUTE3,5/13/2014,7.011213987,0.002704578,0,0.107046234,0,0,0,0,-0.089627783,-0.088172633,0,0,0.207982174,0.368749093,0.88521652,12.48489672,0.40865636,2.584232578,2.584232578,0.154141905,2.584232578,2.761079338,2.761079338,1.2018,3.5303,4.8996,3.3299,2.4017,2.3549,0,2.1206951,3.12348073,4.05565635,0.024097551,0.163,3.441,1.957,0.057,0,0,0,0,0
ROUTE3,5/20/2014,6.924612396,0,0,0.125950469,0,0,0,0,-0.121894091,-0.113978339,0.006460602,0,0.71178126,0.207982174,0.81272508,12.35922543,0.40865636,0.154141905,2.584232578,2.584232578,0.154141905,2.584232578,2.761079338,1.2018,2.246,3.5303,4.8996,0,2.4017,2.3549,1.65119663,2.1206951,3.12348073,0.024097551,0.163,0,0,0.057,0,0,0,0,0
ROUTE3,5/27/2014,6.877296071,0.001953512,-0.017744403,0,0,0,0,0,-0.136885083,-0.113978339,0.021451593,-0.074107972,0.448916871,0.71178126,0.66062679,12.41702027,0.40865636,0.154141905,0.154141905,2.584232578,2.584232578,0.154141905,2.584232578,1.0509,2.6846,2.246,3.5303,0,0,2.4017,2.86723259,1.65119663,2.1206951,0.024097551,0.163,2.554,0,0.057,0,0,0,0,0
ROUTE3,6/3/2014,6.940222469,0.006003119,0,0.122425482,0,0,0,0,-0.118661141,-0.113978339,0.003227652,-0.074107972,0.413789818,0.448916871,0.59945944,12.51089624,0.5174301,0,0.154141905,0.154141905,2.584232578,2.584232578,0.154141905,1.0509,1.9355,2.6846,2.246,0,0,0,0,2.86723259,1.65119663,0.024097551,0.304,0,3.056,0.153,0,0,0,0,0
ROUTE3,6/10/2014,7.029972912,0.019026065,0,0.078528091,0,0,0,0,-0.165489821,-0.113978339,0.050056332,0,0.364403621,0.413789818,1.70921874,12.45816788,0.53446201,0,0,0.154141905,0.154141905,2.584232578,2.584232578,1.0509,2.1557,1.9355,2.6846,0,0,0,3.2795683,0,2.86723259,0.024097551,0.326,0,0,6.238,0,0,0,0,0
ROUTE3,6/17/2014,6.906754779,0.02893219,-0.009934556,0,0,0,0,0,-0.170665768,-0.113978339,0.055232279,0,0.520341334,0.364403621,2.52798124,12.77823471,0.53446201,0,0,0,0.154141905,0.154141905,2.584232578,1.0509,1.7743,2.1557,1.9355,0,0,0,1.71649327,3.2795683,0,0.024097551,0.326,0,0,6.006,0,0,0,0,0
ROUTE3,6/24/2014,6.957497371,0.041798657,-0.065636496,0,0,0,0,0,-0.254533992,-0.113978339,0.139100503,-0.048790164,0.450416496,0.520341334,2.60226501,10.75301481,0.53446201,0,0,0,0,0.154141905,0.154141905,0.8732,1.9908,1.7743,2.1557,0,0,0,0,1.71649327,3.2795683,0.024097551,0.326,0,0,5.991,0,0,0,0,0
ROUTE3,7/1/2014,6.816735881,0.039645035,-0.147332339,0,0,0,0,0,-0.251880806,-0.113978339,0.136447317,0,0.459862253,0.450416496,2.49783897,3.404762448,0.42455433,0,0,0,0,0,0.154141905,0.8732,0.2718,1.9908,1.7743,0,0,0,2.43411809,0,1.71649327,0.024097551,0.592,0,0,5.92,0,0,0,0,0
ROUTE3,7/8/2014,6.852242569,0.030578512,-0.074848858,0,0,0,0,0,-0.24080567,-0.113978339,0.12537218,0,0.542451862,0.459862253,2.62498927,2.929287174,0.33339115,0,0,0,0,0,0,0.8732,0.8074,0.2718,1.9908,0,0,0,0,2.43411809,0,0.024097551,0.754,0,2.691,6.448,0,0,0,0,0
ROUTE3,7/15/2014,6.881411304,0.021487025,-0.118776538,0,0,0,0,0,-0.367339289,-0.113978339,0.2519058,-0.048790164,0.442392381,0.542451862,2.29748891,2.327277706,0.33339115,0,0,0,0,0,0,0.8732,1.7743,0.8074,0.2718,0,0,0,0,0,2.43411809,0.024097551,0.754,0,0,6.388,0,0,0,0,0
ROUTE3,7/22/2014,6.786716951,0.006279806,-0.103787364,0,0,0,0,0,-0.301730443,-0.113978339,0.186296954,0,0.306123826,0.442392381,2.01138986,2.269914311,0.33339115,0,0,0,0,0,0,0.8732,1.9908,1.7743,0.8074,0,0,0,0,0,0,0.024097551,0.754,0,0,5.217,0,0,0,0,0
ROUTE3,7/29/2014,6.723832441,0,-0.181735838,0,0,0,0,0,-0.273918026,-0.113978339,0.158484537,0,0.471178487,0.306123826,2.68208822,9.03577012,0.32283191,0,0,0,0,0,0,0.8732,0,1.9908,1.7743,0,0,0,1.84589159,0,0,0.024097551,0.688,0,0,0,0,0,0,0,0
ROUTE3,8/5/2014,6.854354502,0,-0.02529728,0,0,0,0,0,-0.195982943,-0.113978339,0.080549454,0,0.500585282,0.471178487,2.57556511,8.8983217,0.25702209,0.287666617,0,0,0,0,0,0.8732,0.2718,0,1.9908,0,0,0,1.71649327,1.84589159,0,0.024097551,0.163,0,2.304,0,0,0,0,0,0
ROUTE3,8/12/2014,6.785587645,0,-0.021056433,0,0,0,0,0,-0.115433489,-0.113978339,0,0,0.334006144,0.500585282,2.55857492,9.50235945,0.25702209,0.287666617,0.287666617,0,0,0,0,0.8732,4.2624,0.2718,0,0,0,0,0,1.71649327,1.84589159,0.024097551,0.163,0,0.693,0,0,0,0,0,0
ROUTE3,8/19/2014,6.814542897,0.000415754,-0.044874449,0,0,0,0,0,-0.185932509,-0.113978339,0.07049902,0,1.213721371,0.334006144,2.63998575,7.91281537,0.25702209,0.287666617,0.287666617,0.287666617,0,0,0,0.8732,2.5505,4.2624,0.2718,0,0,0,1.041475518,0,1.71649327,0.024097551,0.163,0,0,0,0,0,0,0,0
ROUTE3,8/26/2014,6.901737207,0.006586955,0,0.019894793,0,0,0,0,-0.087510967,-0.086055817,0,0,0.567200031,1.213721371,2.59587773,2.351375257,0.25702209,0.287666617,0.287666617,0.287666617,0.287666617,0,0,0.8732,0,2.5505,4.2624,0,0,0,2.90286865,1.041475518,0,0.024097551,0.163,0,0,3.025,0,0,0,0,0
ROUTE3,9/2/2014,6.929516771,0.004354966,0,0.126951498,0,0,0,0,-0.112943608,-0.086055817,0.025432641,0,0.437344414,0.567200031,2.56297996,2.169053701,0.15005948,0.287666518,0.287666617,0.287666617,0.287666617,0.287666617,0,0.8732,0.2718,0,2.5505,0,0,0,3.70326669,2.90286865,1.041475518,0.024097551,1.66,0,0,5.847,0,0,0,0,0
ROUTE3,9/9/2014,7.067319849,0.003055765,0,0.20030923,0,0,0,0,-0.171342603,-0.086055817,0.083831636,0,0.223143551,0.437344414,2.57487779,11.79696009,0.10385107,0.287666518,0.287666518,0.287666617,0.287666617,0.287666617,0.287666617,0.8732,1.8322,0.2718,0,0,0,0,0,3.70326669,2.90286865,0.024097551,1.93,0,3.105,6.484,0,0,0,0,0
ROUTE3,9/16/2014,6.982862751,0,0,0.172996261,0,0,0,0,-0.074658665,-0.086055817,0,0,0.195169699,0.223143551,2.58665212,12.67047535,0.10385107,0.287666518,0.287666518,0.287666518,0.287666617,0.287666617,0.287666617,1.6051,3.4071,1.8322,0.2718,0,0,0,1.70542219,0,3.70326669,0.024097551,1.93,0,0,5.209,0,0,0,0,0
ROUTE3,9/23/2014,6.875232087,0,0,0.112141268,0,0,0,0,-0.130646126,-0.078913692,0.050277284,0,0.856214549,0.195169699,2.56023616,12.91851935,0.10385107,0,0.287666518,0.287666518,0.287666518,0.287666617,0.287666617,1.701,3.5214,3.4071,1.8322,0,0,0,2.60674349,1.70542219,0,0.024097551,1.93,0,0,1.159,0,0,0,0,0
ROUTE3,9/30/2014,7.025538315,0,0,0.17438554,0,0,0,0,-0.095377312,-0.078913692,0.01500847,0,0.39496081,0.856214549,2.54104531,12.88776799,0.22579185,0,0,0.287666518,0.287666518,0.287666518,0.287666617,1.701,3.3326,3.5214,3.4071,0.4107,0,0,3.38742015,2.60674349,1.70542219,0.024097551,1.694,0,0,6.288,0,0,0,0,0
ROUTE3,10/7/2014,6.999422468,0,0,0.101692161,0,0,0,0,-0.110406044,-0.078913692,0.030037202,0,0.399175779,0.39496081,2.39767781,12.99782789,0.368216,0,0,0,0.287666518,0.287666518,0.287666518,1.701,4.8296,3.3326,3.5214,0.4107,0.4107,0,3.16931416,3.38742015,2.60674349,0.024097551,1.255,0,3.135,6.404,0,0,0,0,0
ROUTE3,10/14/2014,6.963189986,0.001197807,0,0.081682804,0,0,0,0,-0.112552137,-0.078913692,0.032183295,0,0.377920994,0.399175779,2.30595123,13.01822917,0.368216,0,0,0,0,0.287666518,0.287666518,1.5176,3.6013,4.8296,3.3326,0,0.4107,0.4107,1.65439246,3.16931416,3.38742015,0.024097551,1.255,0,1.994,6.115,0,0,0,0,0
ROUTE3,10/21/2014,6.88857246,0,0,0.124071672,0,0,0,0,-0.080368842,-0.078913692,0,0,0.551522219,0.377920994,2.25499034,12.74432762,0.368216,0,0,0,0,0,0.287666518,2.1332,4.7402,3.6013,4.8296,0,0,0.4107,2.2468763,1.65439246,3.16931416,0.024097551,1.255,0,0.947,6.129,0,0,0,0,0
ROUTE3,10/28/2014,7.011213987,0,0,0.123826821,0,0,0,0,-0.105122286,-0.078913692,0.024753444,0,0.410676167,0.551522219,1.97641413,13.11517295,0.368216,0,0,0,0,0,0,2.1332,3.5648,4.7402,3.6013,0.0053,0,0,4.03223379,2.2468763,1.65439246,0.024097551,1.255,0,0.947,5.756,0,0,0,0,0
ROUTE3,11/4/2014,6.933423026,0,0,0.053067262,0,0,0,0,-0.148332317,-0.078913692,0.067963475,0,0.515672791,0.410676167,1.99876839,13.06332634,0.32076459,0,0,0,0,0,0,2.1473,4.2434,3.5648,4.7402,0.0053,0.0053,0,0,4.03223379,2.2468763,0.024097551,0.602,0,3.814,5.855,0,0,0,0,0
ROUTE3,11/11/2014,6.961296046,0.009584391,0,0.026209228,0,0,0,0,-0.193048708,-0.078913692,0.112679866,-0.024692613,0.378457907,0.515672791,2.01691448,11.29165471,0.32076459,0,0,0,0,0,0,2.1473,3.7488,4.2434,3.5648,1.7145,0.0053,0.0053,2.90407811,0,4.03223379,0,0.602,0,0,6.429,0,0,0,0,0
ROUTE3,11/18/2014,6.895682698,0.027761719,-0.079342795,0,0,0,0,0,-0.165046118,-0.078913692,0.084677276,-0.075985907,0.405987438,0.378457907,2.00015172,11.26464495,0.32076459,0,0,0,0,0,0,2.1473,4.4021,3.7488,4.2434,1.5148,1.7145,0.0053,0.637743944,2.90407811,0,0,0.602,0,0,6.03,0,0,0,0,0
ROUTE3,11/25/2014,6.658011046,0.040642402,-0.289863799,0,0,0,0,0,-0.125252909,-0.078913692,0.044884067,-0.247836164,0.927512795,0.405987438,1.57716765,9.35615847,0.32076459,0,0,0,0,0,0,2.1473,0.9732,4.4021,3.7488,1.5148,1.5148,1.7145,1.139459387,0.637743944,2.90407811,0,0.602,0,0,1.571,0,0,0,0,0
ROUTE3,12/2/2014,6.80461452,0.053333294,-0.133240911,0,0,0,0,0,-0.128949328,-0.078913692,0.048580486,-0.024692613,0.562745681,0.927512795,1.90634667,2.404367787,0.4166349,0,0,0,0,0,0,2.1473,0.912,0.9732,4.4021,1.5148,1.5148,1.5148,2.78835584,1.139459387,0.637743944,0,0.305,0,0,1.272,0,0,0,0,0
ROUTE3,12/9/2014,6.72982407,0.066527125,-0.325221539,0,0,0,0,0,-0.284102598,-0.078913692,0.203733756,-0.050010421,1.533592237,0.562745681,2.11420239,2.255044148,0.45254945,0,0,0,0,0,0,1.931,0.9732,0.912,0.9732,0,1.5148,1.5148,0,2.78835584,1.139459387,0,0.157,0,3.349,1.004,0,0,0,0,0
ROUTE3,12/16/2014,6.634633358,0.073294995,-0.300001175,0,0,0,0,0,-0.134353029,-0.078913692,0.053984187,0,1.355051147,1.533592237,1.53705639,1.779783278,0.45254945,0,0,0,0,0,0,1.1038,0,0.9732,0.912,0,0,1.5148,0,0,2.78835584,0,0.157,0,0,1.24,0,0,0,0,0
ROUTE3,12/23/2014,6.212606096,0.069116683,-0.815151635,0,0,0,0,0,-0.217719762,-0.078913692,0.13735092,-0.024692613,0.759471919,1.355051147,1.83962428,1.61655538,0.45254945,0,0,0,0,0,0,1.1038,2.2993,0,0.9732,0,0,0,0,0,0,0,0.157,0,0,2.284,0,0,0,0,0
ROUTE3,12/30/2014,6.216606101,0.050483799,-0.660616418,0,0,0,0,0,-0.271254605,-0.078913692,0.190885763,-0.075985907,0.457385165,0.759471919,0,0,0.43694067,0,0,0,0,0,0,1.1038,0,2.2993,0,0,0,0,0,0,0,0,0.115,0,1.032,1.2,0,0,0,0,0
ROUTE3,1/6/2015,7.06646697,0.051366226,0,0.149532992,0,0,0,0,-0.024421505,-0.022966355,0,-0.075985907,0.252793654,0.457385165,1.83925129,0,0.39681834,0,0,0,0,0,0,1.1022,0.9732,0,2.2993,0,0,0,0,0,0,0,0.003,0,2.056,0.793,0,0,0,0,0
ROUTE3,1/13/2015,7.083387848,0.033682207,0,0.165035092,0,0,0,0,-0.052121928,-0.022966355,0.027700423,-0.075985907,0.549262331,0.252793654,1.78929447,0,0.39681834,0,0,0,0,0,0,1.1022,0.1009,0.9732,0,0,0,0,0,0,0,0,0.003,0,0,0.793,0,0,0,0,0
ROUTE3,1/20/2015,7.011213987,0.01334935,0,0.106632615,0,0,0,0,-0.158861539,-0.022966355,0.134440034,-0.024692613,0.547450736,0.549262331,2.50061943,0,0.39681834,0,0,0,0,0,0,1.1022,0.9732,0.1009,0.9732,0,0,0,0,0,0,0,0.003,0,0,0.793,0,0,0,0,0
ROUTE3,1/27/2015,6.962243464,0.001878829,0,0.110492312,0,0,0,0,-0.091670584,-0.022966355,0.067249079,-0.075985907,0.293932093,0.547450736,2.17154851,0,0.39681834,0,0,0,0,0,0,1.1022,0,0.9732,0.1009,0,0,0,0,0,0,0,0.003,0,0,2.613,0,0,0,0,0
ROUTE3,2/3/2015,7.050989447,0,0,0.108172159,0,0,0,0,-0.156241634,-0.022966355,0.131820129,-0.130053128,0.129211731,0.293932093,2.3443421,0,0.51505446,0,0,0,0,0,0,1.1022,0,0,0.9732,0,0,0,0,0,0,0,0.24,0,0,2.71,0,0,0,0,0
ROUTE3,2/10/2015,7.063048163,0,0,0.128593938,0,0,0,0,-0.125447291,-0.022966355,0.101025785,-0.130053128,0.116737557,0.129211731,1.97070744,0,0.53346949,0,0,0,0,0,0,1.1022,3.4914,0,0,0,0,0,0,0,0,0,0.274,0,0,0,0,0,0,0,0
ROUTE3,2/17/2015,6.899723107,0,-0.006846319,0,0,0,0,0,-0.149458717,-0.022966355,0.125037212,-0.075985907,0.182190932,0.116737557,2.07172138,11.22346562,0.53346949,0,0,0,0,0,0,1.1022,0,3.4914,0,0,0,0,0,0,0,0,0.274,0,0,0,0,0,0,0,0
ROUTE3,2/24/2015,6.961296046,0,0,0.133824749,0,0,0,0,-0.077874996,-0.022966355,0.05345349,-0.130053128,0.184148518,0.182190932,2.21909324,12.03940246,0.53346949,0,0,0,0,0,0,1.2995,0,0,3.4914,0,0,0,1.75586224,0,0,0,0.274,0,0,0,0,0,0,0,0
ROUTE3,3/3/2015,7.044032897,0,0,0.141914441,0,0,0,0,-0.08252766,-0.022966355,0.058106154,0,1.24444364,0.184148518,1.71565347,12.35406753,0.43364512,0,0,0,0,0,0,1.5453,0,0,0,2.2279,0,0,0,1.75586224,0,0.024097551,0.188,0,0,0,0,0,0,0,0
ROUTE3,3/10/2015,7.03966035,0,0,0.056256162,0,0,0,0,-0.130039866,-0.022966355,0.10561836,-0.048790164,0.807441029,1.24444364,1.58235348,12.09141748,0.41599411,0,0,0,0,0,0,1.6403,0,0,0,2.2279,2.2279,0,1.247191961,0,1.75586224,0.024097551,0.173,0,0,4.719,0,0,0,0,0
ROUTE3,3/17/2015,6.889591308,0,-0.040937878,0,0,0,0,0,-0.111978401,-0.022966355,0.087556896,-0.048790164,0.827510907,0.807441029,2.10583764,12.39884933,0.41599411,0,0,0,0,0,0,1.505,2.1935,0,0,0,2.2279,2.2279,3.23553567,1.247191961,0,0.024097551,0.173,0,0,5.369,0,0,0,0,0
ROUTE3,3/24/2015,6.867974409,0,0,0.026147312,0,0,0,0,-0.08577001,-0.022966355,0.061348505,-0.048790164,0.230638902,0.827510907,1.56257776,12.56088623,0.41599411,0,0,0,0,0,0,1.382,3.6541,2.1935,0,0,0,2.2279,1.86419408,3.23553567,1.247191961,0.024097551,0.173,0,0,0,0,0,0,0,0
ROUTE3,3/31/2015,6.935370446,0,0,0.061315632,0,0,0,0,-0.079828382,-0.022966355,0.055406877,0,0.675755438,0.230638902,2.05999792,12.55960754,0.48978829,0,0,0,0,0,0,1.6246,4.2244,3.6541,2.1935,2.186,0,0,3.51197626,1.86419408,3.23553567,0.024097551,0.827,0,0,0,0,0,0,0,0
ROUTE3,4/7/2015,6.964135612,0,0,0.079394575,0,0,0,0,0,-0.022966355,0,0,0.859206075,0.675755438,2.02946136,12.51249665,0.58040523,0,0,0,0,0,0,1.7347,2.001,4.2244,3.6541,2.186,2.186,0,1.247191961,3.51197626,1.86419408,0.024097551,1.321,0,0,0,0,0,0,0,0
ROUTE3,4/14/2015,6.958448393,0,0,0.054232573,0,0,0,0,-0.018417219,0,0.016962069,0,0.491518172,0.859206075,1.94919993,12.54180851,0.58040523,0,0,0,0,0,0,1.9176,0,2.001,4.2244,0,2.186,2.186,2.0723814,1.247191961,3.51197626,0.024097551,1.321,0,0,5,0,0,0,0,0
ROUTE3,4/21/2015,6.955592608,0,0,0.079485116,0,0,0,0,-0.056070216,0,0.054615066,0,0.290421264,0.491518172,1.98136017,12.62628678,0.58040523,0,0,0,0,0,0,1.9176,4.3271,0,2.001,0,0,2.186,1.83742266,2.0723814,1.247191961,0.024097551,1.321,0,0,5.251,0,0,0,0,0
ROUTE3,4/28/2015,7.011213987,0.00025737,0,0.151383161,0,0,0,0,-0.00145515,0,0,-0.024097552,0.270888237,0.290421264,1.76907405,12.68772601,0.5414796,0,0,0,0,0,0,1.9967,0,4.3271,0,2.186,0,0,4.45796044,1.83742266,2.0723814,0.024097551,1.317,0,0,5.387,0,0,0,0,0
ROUTE3,5/5/2015,7.207859871,0.015604959,0,0.15865538,0,0,0,0,-0.178306855,-0.041003651,0.135848054,-0.100083459,0.290421264,0.270888237,1.5398262,12.56617571,0.26946225,0,0,0,0,0,0,1.9345,2.001,0,4.3271,2.186,2.186,0,0,4.45796044,1.83742266,0.024097551,1.289,0,0,5.544,0,0,0,0,0
ROUTE3,5/12/2015,7.146772179,0.01827977,0,0.107046234,0,0,0,0,-0.197492167,-0.041003651,0.155033366,-0.048790164,0.218745178,0.290421264,1.50476439,12.60156918,0.26946225,0,0,0,0,0,0,1.9345,4.2244,2.001,0,0,2.186,2.186,2.29400587,0,4.45796044,0.024097551,1.289,0,0,5.455,0,0,0,0,0
ROUTE3,5/19/2015,7.085064294,0.017974073,0,0.125950469,0,0,0,0,-0.078335655,-0.041003651,0.035876855,-0.024097552,4.871235094,0.218745178,1.46945425,12.57291052,0.26946225,0,0,0,0,0,0,1.5416,0,4.2244,2.001,0,0,2.186,1.247191961,2.29400587,0,0.024097551,1.289,0,0,5.649,0,0,0,0,0
ROUTE3,5/26/2015,6.88857246,0.010639558,-0.017744403,0,0,0,0,0,-0.046790235,-0.041003651,0.004331434,0,5.314417469,4.871235094,1.70960588,12.65717806,0.26946225,0,0,0,0,0,0,1.5416,0,0,4.2244,2.186,0,0,0,1.247191961,2.29400587,0.024097551,1.289,0,0,5.185,0,0,0,0,0
ROUTE3,6/2/2015,7.091742115,0.011622293,0,0.122425482,0,0,0,0,-0.11244113,-0.041003651,0.069982329,0,3.836363312,5.314417469,1.59151648,12.58700596,0.39025345,0,0,0,0,0,0,1.3949,0,0,0,2.186,2.186,0,4.24918229,0,1.247191961,0.024097551,0.649,0,0,5.443,0,0,0,0,0
ROUTE3,6/9/2015,7.010311867,0.011231773,0,0.078528091,0,0,0,0,-0.042458801,-0.041003651,0,0,1.55962842,3.836363312,2.72131178,12.73610051,0.43476055,0.154141905,0,0,0,0,0,1.6248,4.2244,0,0,0,2.186,2.186,2.9502053,4.24918229,0,0.024097551,0.205,0,0,5.64,0,0,0,0,0
ROUTE3,6/16/2015,7.019296654,0.009471249,-0.009934556,0,0,0,0,0,-0.152391356,-0.082056257,0.06887995,0,1.479036413,1.55962842,2.8743574,12.13300894,0.43476055,0.154141905,0.154141905,0,0,0,0,1.8396,0,4.2244,0,0,0,2.186,3.56966358,2.9502053,4.24918229,0.024097551,0.205,0,0,4.931,0,0,0,0,0
ROUTE3,6/23/2015,6.831953566,0,-0.065636496,0,0,0,0,0,-0.083511407,-0.082056257,0,0,1.27578302,1.479036413,2.89031151,4.658372372,0.43476055,0.154141905,0.154141905,0.154141905,0,0,0,1.7642,0,0,4.2244,0,0,0,2.23530532,3.56966358,2.9502053,0.024097551,0.205,0,0,5.431,0,0,0,0,0
ROUTE3,6/30/2015,6.788971743,0,-0.147332339,0,0,0,0,0,-0.161167478,-0.152227283,0.007485045,0,1.02827503,1.27578302,2.84657043,3.765344341,0.57382335,0.154141905,0.154141905,0.154141905,0.154141905,0,0,1.7642,0,0,0,0,0,0,2.67593846,2.23530532,3.56966358,0.024097551,0.192,0,0,5.407,0,0,0,0,0
ROUTE3,7/7/2015,6.903747258,0,-0.074848858,0,0,0,0,0,-0.153682433,-0.152227283,0,0,1.098089686,1.02827503,2.91493807,3.509410966,0.73347501,0.154141905,0.154141905,0.154141905,0.154141905,0.154141905,0,1.5674,0,0,0,0,0,0,0,2.67593846,2.23530532,0.024097551,0.173,0,0,5.973,0,0,0,0,0
ROUTE3,7/14/2015,6.827629235,0,-0.118776538,0,0,0,0,0,-0.242808726,-0.241353576,0,0,1.143064051,1.098089686,2.84549084,6.97143406,0.73347501,0.154141905,0.154141905,0.154141905,0.154141905,0.154141905,0.154141905,1.2229,3.2593,0,0,0,0,0,0,0,2.67593846,0.024097551,0.173,0,0,5.684,0,0,0,0,0
ROUTE3,7/21/2015,7.023758955,0,-0.103787364,0,0,0,0,0,-0.308685589,-0.241353576,0.065876862,0,1.263675002,1.143064051,2.73056443,8.21563433,0.73347501,0.154141905,0.154141905,0.154141905,0.154141905,0.154141905,0.154141905,1.0957,0,3.2593,0,0,0,0,0,0,0,0.024097551,0.173,0,0,0,0,0,0,0,0
ROUTE3,7/28/2015,6.948897222,0,-0.181735838,0,0,0,0,0,-0.331711671,-0.241353576,0.088902945,0,1.154245681,1.263675002,2.50965051,2.78147767,0.73347501,0.154141905,0.154141905,0.154141905,0.154141905,0.154141905,0.154141905,1.0957,0,0,3.2593,0,0,0,0,0,0,0.024097551,0.173,0,0,0,0,0,0,0,0
ROUTE3,8/4/2015,6.947937069,0,-0.02529728,0,0,0,0,0,-0.281362497,-0.241353576,0.038553771,0,2.011658473,1.154245681,2.56859233,2.48490665,0.44421663,0.287666617,0.154141905,0.154141905,0.154141905,0.154141905,0.154141905,1.0957,0,0,0,0,0,0,0,0,0,0.024097551,0.906,0,0,0,0,0,0,0,0
ROUTE3,8/11/2015,7.069023427,0,-0.021056433,0,0,0,0,0,-0.309745124,-0.241353576,0.066936398,0,1.374469233,2.011658473,2.42713152,2.934996039,0.44421663,0.287666617,0.287666617,0.154141905,0.154141905,0.154141905,0.154141905,1.4073,2.001,0,0,0,0,0,0,0,0,0.024097551,0.906,0,0,2.675,0,0,0,0,0
ROUTE3,8/18/2015,7.042286172,0,-0.044874449,0,0,0,0,0,-0.286517582,-0.241353576,0.043708856,0,1.623291352,1.374469233,2.05984706,2.799021979,0.44421663,0.287666617,0.287666617,0.287666617,0.154141905,0.154141905,0.154141905,1.4073,0,2.001,0,0,0,0,0,0,0,0.024097551,0.906,0,0,3.378,0,0,0,0,0
ROUTE3,8/25/2015,7.074116816,0,0,0.019894793,0,0,0,0,-0.348849725,-0.241353576,0.106040999,0,1.047153991,1.623291352,1.9977775,3.160035325,0.44421663,0.287666617,0.287666617,0.287666617,0.287666617,0.154141905,0.154141905,1.4073,2.001,0,2.001,0,0,0,1.44580024,0,0,0.024097551,0.906,0,0,3.378,0,0,0,0,0
ROUTE3,9/1/2015,7.167037877,0,0,0.126951498,0,0,0,0,-0.328159711,-0.241353576,0.085350985,0,1.038314155,1.047153991,1.97340141,2.567692844,0.50297001,0,0.287666617,0.287666617,0.287666617,0.287666617,0.154141905,1.4073,0,2.001,0,0,0,0,1.101580121,1.44580024,0,0.024097551,1.535,0,0,3.378,0,0,0,0,0
ROUTE3,9/8/2015,7.188412736,0,0,0.20030923,0,0,0,0,-0.251984969,-0.241353576,0.009176242,0,0.861526646,1.038314155,1.39034554,2.499677967,0.54487512,0,0,0.287666617,0.287666617,0.287666617,0.287666617,1.4352,3.2593,0,2.001,0,0,0,0,1.101580121,1.44580024,0.024097551,1.836,0,0,3.347,0,0,0,0,0
ROUTE3,9/15/2015,7.22620901,0.015621277,0,0.172996261,0,0,0,0,-0.237983073,-0.236527923,0,-0.048790164,0.680131812,0.861526646,1.19395743,5.775992388,0.54487512,0,0,0,0.287666617,0.287666617,0.287666617,1.9163,2.001,3.2593,0,0,0,0,0,0,1.101580121,0.024097551,1.836,0,0,1.53,0,0,0,0,0
ROUTE3,9/22/2015,7.252053952,0.033622663,0,0.112141268,0,0,0,0,-0.168308651,-0.166853501,0,-0.100083459,1.379807852,0.680131812,0.83512924,2.921624302,0.54487512,0,0,0,0,0.287666617,0.287666617,1.9163,0,2.001,3.2593,0,0,0,2.65039381,0,0,0.024097551,1.836,0,0,1.53,0,0,0,0,0
ROUTE3,9/29/2015,7.251344983,0.038329872,0,0.17438554,0,0,0,0,-0.201673057,-0.166853501,0.033364407,-0.126751706,1.212323421,1.379807852,1.22648574,2.448539006,0.46312434,0,0,0,0,0,0.287666617,1.9163,2.001,0,2.001,1.9419,0,0,3.18346882,2.65039381,0,0.024097551,1.572,0,0.993,5.722,0,0,0,0,0
ROUTE3,10/6/2015,7.28276118,0.043516721,0,0.101692161,0,0,0,0,-0.25424639,-0.166853501,0.085937739,-0.126751706,1.011600912,1.212323421,1.39219701,1.961100315,0.22364389,0,0,0,0,0,0,1.9163,4.6725,2.001,0,1.9419,1.9419,0,2.13892281,3.18346882,2.65039381,0.024097551,0.173,0,0,5.849,0,0,0,0,0
ROUTE3,10/13/2015,7.201170883,0.042658604,0,0.081682804,0,0,0,0,-0.243271909,-0.166853501,0.074963258,-0.15415068,0.909370289,1.011600912,0.62620604,2.951929651,0.22364389,0,0,0,0,0,0,1.6788,4.3271,4.6725,2.001,2.6847,1.9419,1.9419,0,2.13892281,3.18346882,0.024097551,0.173,0,0,5.976,0,0,0,0,0
ROUTE3,10/20/2015,7.22620901,0.043082678,0,0.124071672,0,0,0,0,-0.188482389,-0.166853501,0.020173739,0,1.045777908,0.909370289,0.30435554,2.864239618,0.22364389,0,0,0,0,0,0,1.9021,0,4.3271,4.6725,2.6847,2.6847,1.9419,2.78570703,0,2.13892281,0.024097551,0.173,0,0.993,6.485,0,0,0,0,0
ROUTE3,10/27/2015,7.21303166,0.04038506,0,0.123826821,0,0,0,0,-0.180121239,-0.166853501,0.011812588,0,0.653989161,1.045777908,0.86739419,2.273597556,0.22364389,0,0,0,0,0,0,2.1117,2.867,0,4.3271,2.0388,2.6847,2.6847,4.39729064,2.78570703,0,0.024097551,0.173,0,0,6.075,0,0,0,0,0
ROUTE3,11/3/2015,7.120444372,0.032983135,0,0.053067262,0,0,0,0,-0.212939034,-0.166853501,0.044630383,-0.048790164,0.613235081,0.653989161,1.31835597,11.6114616,0.07785942,0,0,0,0,0,0,1.9535,0.912,2.867,0,2.0388,2.0388,2.6847,0,4.39729064,2.78570703,0.024097551,0.559,0,0,6.368,0,0,0,0,0
ROUTE3,11/10/2015,7.090909822,0.027201586,0,0.026209228,0,0,0,0,-0.149370912,-0.147915762,0,-0.100083459,0.928751952,0.613235081,1.08308004,11.46044048,0.05135342,0,0,0,0,0,0,1.7741,0,0.912,2.867,2.0388,2.0388,2.0388,2.13892281,0,4.39729064,0.024097551,0.611,0,0,6.245,0,0,0,0,0
ROUTE3,11/17/2015,6.898714534,0.013187618,-0.079342795,0,0,0,0,0,-0.140728753,-0.139273603,0,-0.024097552,0.799016971,0.928751952,0.66667311,10.98130719,0.05135342,0,0,0,0,0,0,1.5161,2.682,0,0.912,2.0388,2.0388,2.0388,1.247191961,2.13892281,0,0.024097551,0.611,0,0,5.858,0,0,0,0,0
ROUTE3,11/24/2015,6.618738984,0.005221638,-0.289863799,0,0,0,0,0,-0.139236489,-0.139273603,0,-0.303682414,0.689614302,0.799016971,0,10.00435854,0.05135342,0,0,0,0,0,0,1.0957,0,2.682,0,0,2.0388,2.0388,1.86419408,1.247191961,2.13892281,0.024097551,0.611,0,0,5.968,0,0,0,0,0
ROUTE3,12/1/2015,6.903747258,0.002594024,-0.133240911,0,0,0,0,0,-0.222945356,-0.177079998,0.044410208,0,0.776920562,0.689614302,0.347363434,9.87634023,0.23907415,0,0,0,0,0,0,1.0957,4.1368,0,2.682,0,0,2.0388,4.28986061,1.86419408,1.247191961,0.024097551,0.441,0,0,5.995,0,0,0,0,0
ROUTE3,12/8/2015,6.593044534,0,-0.325221539,0,0,0,0,0,-0.285834815,-0.177079998,0.107299668,-0.100083459,3.044522438,0.776920562,0.941204277,8.85622847,0.35984418,0,0,0,0,0,0,1.0957,4.9609,4.1368,0,0,0,0,1.54110441,4.28986061,1.86419408,0.024097551,0.291,0,0,1.574,0,0,0,0,0
ROUTE3,12/15/2015,6.64118217,0,-0.300001175,0,0,0,0,0,-0.274471731,-0.177079998,0.095936583,-0.100083459,4.131196303,3.044522438,1.52923259,7.83443472,0.35984418,0,0,0,0,0,0,1.0957,2.682,4.9609,4.1368,0,0,0,2.50263479,1.54110441,4.28986061,0.024097551,0.291,0,0,1.279,0,0,0,0,0
ROUTE3,12/22/2015,6.350885717,0,0,0,0,0,0,0,-0.178535148,-0.177079998,0,-0.15415068,4.756012668,4.131196303,1.546449873,0,0.35984418,3.018286738,0,0,0,0,0,1.0957,0,2.682,4.9609,0,0,0,2.50263479,2.50263479,1.54110441,0.024097551,0.291,0,0,1.987,0,0,0,0,0
ROUTE4,1/1/2013,7.658699558,0,0,0,0,0,0,0,-0.383387406,-0.265080129,0.117445341,-0.330241687,0,0,2.29782184,0,0.13105649,0,0,0,0,0,0,0,0,0,0,0,0,0,2.98109521,0,0,0,0.224,0,0,0,0,0,0,0,0
ROUTE4,1/8/2013,8.098642844,0,0,0,0,0,0,0,-0.389606254,-0.265080129,0.123664189,0,0.654803825,0,2.32129244,0,0.69067227,0,0,0,0,0,0,0.9765,0,0,0,0,0,0,0,2.98109521,0,0,0.784,0,2.936,0.028,0,0,0,0,0
ROUTE4,1/15/2013,8.033982735,0,0,0,0,0,0,0,-0.335189809,-0.265080129,0.069247744,0,1.024343545,0.654803825,1.9739773,0,0.69067227,0,0,0,0,0,0,0,0,0,0,0,0,0,0,0,2.98109521,0,0.784,7.411,0,0.719,0,0,0,0,0
ROUTE4,1/22/2013,7.860185057,0.005919567,0,0.014339548,0,0,0,0,-0.306043308,-0.265080129,0.040101243,0,0.859206075,1.024343545,1.97360305,0,0.69067227,0,0,0,0,0,0,0,0,0,0,0,0,0,0,0,0,0,0.784,4.504,1.624,0.719,0,0,0,0,0
ROUTE4,1/29/2013,7.796880343,0,0,0.067703316,0,0,0,0,-0.265942065,-0.265080129,0,0,0.760571424,0.859206075,2.08198672,0,0.66216028,0,0,0,0,0,0,0,0,0,0,0,0,0,0,0,0,0,0.785,7.284,0,0.719,0,0,0,0,0
ROUTE4,2/5/2013,7.942717541,0.010592892,0,0.102431296,0,0,0,0,-0.278950104,-0.265080129,0.013008039,0,0.5392577,0.760571424,2.19025601,0,0.47156361,0,0,0,0,0,0,0.4506,0,0,0,0,0,0,0,0,0,0,0.794,6.824,2.44,0.834,0,0,0,0,0
ROUTE4,2/12/2013,7.895436007,0.018008502,0,0.124755871,0,0,0,0,-0.208528945,-0.207667009,0,0,0.484784139,0.5392577,2.17665519,0,0.47156361,0,0,0,0,0,0,0.4506,0,0,0,0,0,0,0,0,0,0,0.794,8.781,3.072,0.834,0,0,0,0,0
ROUTE4,2/19/2013,7.837948916,0.01680082,0,0.046115017,0,0,0,0,-0.219904159,-0.207667009,0.011375214,-0.031748698,0.360585782,0.484784139,2.10030547,0,0.47156361,0,0,0,0,0,0,0.4506,0,0,0,0,0,0,0,0,0,0,0.794,10.307,1.328,0.834,0,0,0,0,0
ROUTE4,2/26/2013,8.022240917,0.013995669,0,0.129843711,0,0,0,0,-0.252026344,-0.207667009,0.043497399,0,0.519875459,0.360585782,2.00821898,0,0.46297348,0,0,0,0,0,0,0.4506,0,0,0,0,0,0,0,0,0,0,0.762,0,0,0.834,0,0,0,0,0
ROUTE4,3/5/2013,8.145549632,0.006449537,0,0.199303014,0,0,0,0,-0.291142275,-0.207667009,0.082613329,0,1.046603785,0.519875459,2.0118178,0,0.40982291,2.220971298,0,0,0,0,0,0.4506,4.7738,0,0,2.9766,0,0,0,0,0,0.030771659,0.541,0,1.741,0.081,0,0,0,0,0
ROUTE4,3/12/2013,8.085486772,0,0,0.160449846,0,0,0,0,-0.216664809,-0.207667009,0.008135863,0,0.817180237,1.046603785,1.90902131,0,0.40982291,3.883681838,2.220971298,0,0,0,0,0.556,2.7495,4.7738,0,2.9766,2.9766,0,0,0,0,0.030771659,0.541,0,0,0.081,0,0,0,0,0
ROUTE4,3/19/2013,8.011686729,0,0,0.130205133,0,0,0,0,-0.233681288,-0.207667009,0.025152343,0,1.047428981,0.817180237,1.19395443,0,0.40982291,3.332815448,3.883681838,2.220971298,0,0,0,0.556,4.9435,2.7495,4.7738,2.9766,2.9766,2.9766,2.5355022,0,0,0.030771659,0.541,0,1.426,0.081,0,0,0,0,0
ROUTE4,3/26/2013,8.028455164,0,0,0.103314427,0,0,0,0,-0.372457618,-0.207667009,0.163928673,0,0.817872278,1.047428981,0.85767065,0,0.40982291,0,3.332815448,3.883681838,2.220971298,0,0,0.556,0,4.9435,2.7495,0,2.9766,2.9766,0,2.5355022,0,0.030771659,0.541,0,0,0.081,0,0,0,0,0
ROUTE4,4/2/2013,7.99125393,0.001310505,0,0.109263902,0,0,0,0,-0.284280022,-0.207667009,0.075751077,0,0.738348287,0.817872278,0.96843907,0,0.6079365,0,0,3.332815448,3.883681838,2.220971298,0,0.556,1.8322,0,4.9435,0,0,2.9766,1.216531225,0,2.5355022,0.060624622,0.442,6.486,0,0.773,0,0,0,0,0
ROUTE4,4/9/2013,7.933079772,0,0,0.066088428,0,0,0,0,-0.263037692,-0.207667009,0.054508747,0,0.863180907,0.738348287,1.04752895,0,0.67735932,3.125597738,0,0,3.332815448,3.883681838,2.220971298,2.2132,4.9435,1.8322,0,3.034,0,0,1.67618516,1.216531225,0,0.060624622,0.399,7.901,1.184,0.665,0,0,0,0,0
ROUTE4,4/16/2013,7.910223707,0,0,0.017267758,0,0,0,0,-0.290548294,-0.207667009,0.082019349,0,0.96164164,0.863180907,0.9084987,0,0.67735932,3.162619438,3.125597738,0,0,3.332815448,3.883681838,2.2132,2.5253,4.9435,1.8322,3.034,3.034,0,0,1.67618516,1.216531225,0.060624622,0.399,8.271,0,0.665,0,0,0,0,0
ROUTE4,4/23/2013,7.943427768,0,0,0.064580464,0,0,0,0,-0.237041986,-0.207667009,0.02851304,0,1.25678532,0.96164164,1.02926352,0,0.67735932,3.162619438,3.162619438,3.125597738,0,0,3.332815448,2.2132,4.7333,2.5253,4.9435,3.034,3.034,3.034,1.74454094,0,1.67618516,0.060624622,0.399,8.554,1.021,0,0,0,0,0,0
ROUTE4,4/30/2013,8.010027528,0.005910756,0,0.094803699,0,0,0,0,-0.172206625,-0.171344689,0,0,0.857545221,1.25678532,1.0684381,0,0.64214698,0,3.162619438,3.162619438,3.125597738,0,0,2.2132,2.9308,4.7333,2.5253,0,3.034,3.034,4.02688681,1.74454094,0,0.14518201,0.906,8.533,0,0,0,0,0,0,0
ROUTE4,5/7/2013,7.931644021,0,0,0.124352165,0,0,0,0,-0.140018305,-0.139156369,0,0,0.9610423,0.857545221,1.1527319,0,0.59318132,0,0,3.162619438,3.162619438,3.125597738,0,1.9389,3.4914,2.9308,4.7333,0,0,3.034,2.53547936,4.02688681,1.74454094,0.14518201,1.331,8.69,1.446,0,0,0,0,0,0
ROUTE4,5/14/2013,7.883446354,0,0,0.067246896,0,0,0,0,-0.127761673,-0.126899737,0,-0.114410351,1.076958419,0.9610423,1.26091389,0,0.59318132,3.154995218,0,0,3.162619438,3.162619438,3.125597738,2.3468,4.8876,3.4914,2.9308,3.034,0,0,1.188212316,2.53547936,4.02688681,0.14518201,1.331,9.119,0,0,0,0,0,0,0
ROUTE4,5/21/2013,7.853993087,0,0,0.048373453,0,0,0,0,-0.13879519,-0.126899737,0.011033517,-0.084557388,1.180822888,1.076958419,1.42411392,0,0.59318132,3.154995218,3.154995218,0,0,3.162619438,3.162619438,2.3468,4.1756,4.8876,3.4914,3.034,3.034,0,2.95524333,1.188212316,2.53547936,0.14518201,1.331,8.852,1.784,0,0,0,0,0,0
ROUTE4,5/28/2013,7.800572655,0,0,0.005768248,0,0,0,0,-0.094246476,-0.09338454,0,-0.055569851,0.745439192,1.180822888,1.24194541,0,0.59318132,0,3.154995218,3.154995218,0,0,3.162619438,2.255,0,4.1756,4.8876,0,3.034,3.034,3.76845532,2.95524333,1.188212316,0.14518201,1.331,8.912,0,0.032,0,0,0,0,0
ROUTE4,6/4/2013,7.826044014,0,0,0.098908158,0,0,0,0,-0.059811386,-0.09338454,0,0,0.596111375,0.745439192,1.34957029,0,0.56416793,0,0,3.154995218,3.154995218,0,0,1.4238,3.8547,0,4.1756,0,0,3.034,2.39337993,3.76845532,2.95524333,0.171850257,1.311,7.6,1.822,0.807,0,0,0,0,0
ROUTE4,6/11/2013,7.856319571,0,-0.008987962,0,0,0,0,0,-0.146250453,-0.066588577,0.078799939,0,0.541996177,0.596111375,1.39908736,0,0.56416793,0,0,0,3.154995218,3.154995218,0,1.4238,0,3.8547,0,0,0,0,0,2.39337993,3.76845532,0.171850257,1.311,0,0,0.807,0,0,0,0,0
ROUTE4,6/18/2013,7.869783903,0,0,0.01431906,0,0,0,0,-0.146749349,-0.066588577,0.079298835,0,0.642925742,0.541996177,1.35359235,0,0.56416793,0.557353058,0,0,0,3.154995218,3.154995218,1.4238,0,0,3.8547,0,0,0,0.965081943,0,2.39337993,0.171850257,1.311,0,1.021,0.115,0,0,0,0,0
ROUTE4,6/25/2013,7.697121317,0,-0.083990322,0,0,0,0,0,-0.067450513,-0.066588577,0,0,1.558969224,0.642925742,1.40720678,0,0.56416793,0.557353058,0.557353058,0,0,0,3.154995218,0.8173,2.0299,0,0,0,0,0,1.67618516,0.965081943,0,0.171850257,1.311,0,0,0,0,0,0,0,0
ROUTE4,7/2/2013,7.669495251,0,-0.137461279,0,0,0,0,0,-0.092008071,-0.091146135,0,-0.111225635,0.547450736,1.558969224,1.01393687,0,0.45824685,0.586349738,0.557353058,0.557353058,0,0,0,0.8173,0,2.0299,0,0,0,0,3.96048314,1.67618516,0.965081943,0.171850257,0.699,0,0,0,0,0,0,0,0
ROUTE4,7/9/2013,7.953318347,0,0,0.051704157,0,0,0,0,-0.162984294,-0.147148369,0.014973989,0,0.704059214,0.547450736,1.29863722,0,0.41252365,0.586349738,0.586349738,0.557353058,0.557353058,0,0,0.8173,0,0,2.0299,0,0,0,0,3.96048314,1.67618516,0.171850257,0.287,0,2,4.805,0,0,0,0,0
ROUTE4,7/16/2013,7.991592282,0,0,0.067858355,0,0,0,0,-0.148010305,-0.147148369,0,0,0.670558544,0.704059214,1.22048774,0,0.41252365,0,0.586349738,0.586349738,0.557353058,0.557353058,0,0.8173,0,0,0,0,0,0,1.77618912,0,3.96048314,0.171850257,0.287,0,0,4.383,0,0,0,0,0
ROUTE4,7/23/2013,7.995643604,0,0,0.035249559,0,0,0,0,-0.243206751,-0.148897485,0.09344733,0,0.64457251,0.670558544,1.19727714,0,0.41252365,0,0,0.586349738,0.586349738,0.557353058,0.557353058,0.4506,0,0,0,0,0,0,1.67685922,1.77618912,0,0.171850257,0.287,0,1.714,4.86,0,0,0,0,0
ROUTE4,7/30/2013,8.111628078,0.0114336,0,0.051891928,0,0,0,0,-0.288914302,-0.148897485,0.139154881,0,0.582198107,0.64457251,1.27164798,0,0.38483896,0,0,0,0.586349738,0.586349738,0.557353058,0.4506,1.3368,0,0,0,0,0,1.59482718,1.67685922,1.77618912,0.171850257,0.245,0,0,0,0,0,0,0,0
ROUTE4,8/6/2013,8.062117583,0.009525236,0,0.099840678,0,0,0,0,-0.257273863,-0.148897485,0.107514442,0,0.502483717,0.582198107,1.24539634,0,0.31207613,0,0,0,0,0.586349738,0.586349738,0.4506,1.3368,1.3368,0,0,0,0,0,1.59482718,1.67685922,0.171850257,0.133,4.466,2.183,5.842,0,0,0,0,0
ROUTE4,8/13/2013,7.948385285,0.003580344,0,0.041794529,0,0,0,0,-0.209696384,-0.148897485,0.059936963,0,0.496300582,0.502483717,1.17916568,0,0.31207613,2.220971298,0,0,0,0,0.586349738,0.4506,0,1.3368,1.3368,2.4018,0,0,0,0,1.59482718,0.171850257,0.133,6.217,0,5.368,0,0,0,0,0
ROUTE4,8/20/2013,7.889833751,0.001229565,0,0.013791725,0,0,0,0,-0.202824968,-0.148897485,0.053065546,0,0.554677506,0.496300582,1.60722688,0,0.31207613,2.220971298,2.220971298,0,0,0,0,0.4506,0,0,1.3368,2.4018,2.4018,0,0,0,0,0.171850257,0.133,5.676,2.29,5.66,0,0,0,0,0
ROUTE4,8/27/2013,7.850103545,0,0,0.00059781,0,0,0,0,-0.232531613,-0.148897485,0.082772192,0,0.414825551,0.554677506,2.14308087,0,0.31207613,2.220971298,2.220971298,2.220971298,0,0,0,0.4506,1.3368,0,0,2.4018,2.4018,2.4018,3.15119629,0,0,0.171850257,0.133,6.378,0,5.551,0,0,0,0,0
ROUTE4,9/3/2013,7.9490915,0,0,0.050764297,0,0,0,0,-0.194116885,-0.148897485,0.044357464,-0.171850257,1.020396542,0.414825551,1.99908506,0,0.48572018,2.810967148,2.220971298,2.220971298,2.220971298,0,0,0.4506,4.1763,1.3368,0,2.1502,2.4018,2.4018,1.159113251,3.15119629,0,0.171850257,1.207,6.042,2.277,5.775,0,0,0,0,0
ROUTE4,9/10/2013,8.059908335,0,0,0.135014929,0,0,0,0,-0.150653824,-0.148897485,0.000894402,-0.026668247,0.356753311,1.020396542,2.00977847,0,0.51194072,2.895540918,2.810967148,2.220971298,2.220971298,2.220971298,0,0.4506,4.1756,4.1763,1.3368,2.1502,2.1502,2.4018,1.63254399,1.159113251,3.15119629,0.171850257,1.311,5.496,0,6.559,0,0,0,0,0
ROUTE4,9/17/2013,8.091933456,0,0,0.058735099,0,0,0,0,-0.192025616,-0.148897485,0.042266194,0,0.616624915,0.356753311,2.20999367,0,0.51194072,3.307234688,2.895540918,2.810967148,2.220971298,2.220971298,2.220971298,2.4705,4.8979,4.1756,4.1763,2.9771,2.1502,2.1502,2.36965325,1.63254399,1.159113251,0.171850257,1.311,8.395,1.549,5.703,0,0,0,0,0
ROUTE4,9/24/2013,8.004699511,0.003326842,-0.010392836,0,0,0,0,0,-0.196482065,-0.148897485,0.046722643,0,0.475571953,0.616624915,2.31298497,0,0.51194072,3.176639248,3.307234688,2.895540918,2.810967148,2.220971298,2.220971298,2.4806,0,4.8979,4.1756,2.9356,2.9771,2.1502,1.63643157,2.36965325,1.63254399,0.171850257,1.311,7.591,0,2.57,0,0,0,0,0
ROUTE4,10/1/2013,8.112827479,0.017934857,0,0.063365895,0,0,0,0,-0.170801678,-0.148897485,0.021042257,0,0.600419869,0.475571953,2.33334622,0,0.40869303,3.150863478,3.176639248,3.307234688,2.895540918,2.810967148,2.220971298,2.4806,4.0785,0,4.8979,3.0357,2.9356,2.9771,4.18452977,1.63643157,2.36965325,0.171850257,1.297,8.269,0,5.081,0,0,0,0,0
ROUTE4,10/8/2013,8.029107055,0.012608669,0,0.030810416,0,0,0,0,-0.149759421,-0.148897485,0,0,0.452910885,0.600419869,2.27632304,0,0.32359853,2.649008198,3.150863478,3.176639248,3.307234688,2.895540918,2.810967148,2.4806,0,4.0785,0,2.2795,3.0357,2.9356,3.03678315,4.18452977,1.63643157,0.171850257,1.287,9.295,2.049,5.565,0,0,0,0,0
ROUTE4,10/15/2013,7.951207156,0.007260132,-0.014072725,0,0,0,0,0,-0.183225768,-0.148897485,0.033466347,0,0.446412487,0.452910885,2.32101634,0,0.32359853,3.150863478,2.649008198,3.150863478,3.176639248,3.307234688,2.895540918,1.956,4.6169,0,4.0785,3.0542,2.2795,3.0357,1.74454094,3.03678315,4.18452977,0.171850257,1.287,8.802,0,5.204,0,0,0,0,0
ROUTE4,10/22/2013,8.104703468,0.009527915,0,0.07456881,0,0,0,0,-0.22970743,-0.148897485,0.079948008,0,0.942892981,0.446412487,2.44059616,0,0.32359853,3.150863478,3.150863478,2.649008198,3.150863478,3.176639248,3.307234688,1.9389,1.1238,4.6169,0,3.0542,3.0542,2.2795,2.0961435,1.74454094,3.03678315,0.171850257,1.287,8.825,1.549,3.173,0,0,0,0,0
ROUTE4,10/29/2013,8.110126802,0.006380139,0,0.044081486,0,0,0,0,-0.266727946,-0.148897485,0.116968525,-0.026668247,1.657481418,0.942892981,2.47821314,0,0.37918223,0,3.150863478,3.150863478,2.649008198,3.150863478,3.176639248,1.9389,4.2218,1.1238,4.6169,0,3.0542,3.0542,3.26708445,2.0961435,1.74454094,0.171850257,1.184,8.901,0,1.677,0,0,0,0,0
ROUTE4,11/5/2013,8.085794701,0.005076226,0,0.022940911,0,0,0,0,-0.20993906,-0.148897485,0.060179639,-0.026668247,4.214215281,1.657481418,2.4337573,0,0.66014397,0,0,3.150863478,3.150863478,2.649008198,3.150863478,1.9389,4.3804,4.2218,1.1238,0,0,3.0542,0,3.26708445,2.0961435,0.171850257,0.139,9.249,1.426,6.109,0,0,0,0,0
ROUTE4,11/12/2013,7.926602599,0,-0.050350404,0,0,0,0,0,-0.214876491,-0.148897485,0.065117069,-0.026668247,0.921917505,4.214215281,2.38785325,0,0.66014397,0,0,0,3.150863478,3.150863478,2.649008198,0.9785,4.358,4.3804,4.2218,0,0,0,0,0,3.26708445,0.171850257,0.139,8.628,0,4.308,0,0,0,0,0
ROUTE4,11/19/2013,7.758333467,0.000955289,-0.151784,0,0,0,0,0,-0.178502584,-0.148897485,0.028743163,-0.026668247,0.463812876,0.921917505,2.38984841,0,0.66014397,0,0,0,0,3.150863478,3.150863478,0.9785,2.6011,4.358,4.3804,0,0,0,0,0,0,0.171850257,0.139,9.029,1.641,4.796,0,0,0,0,0
ROUTE4,11/26/2013,7.586296307,0.012431989,-0.360263922,0,0,0,0,0,-0.177385259,-0.148897485,0.027625838,-0.171850257,0.215591596,0.463812876,2.27263816,0,0.66014397,0,0,0,0,0,3.150863478,0.9785,2.567,2.6011,4.358,0,0,0,2.22658212,0,0,0.171850257,0.139,8.266,0,5.686,0,0,0,0,0
ROUTE4,12/3/2013,7.856706793,0.015312953,-0.060461418,0,0,0,0,0,-0.127885898,-0.148897485,0,0,2.022605775,0.215591596,2.47936407,0,0.35223598,0,0,0,0,0,0,0.9785,0.568,2.567,2.6011,0,0,0,0,2.22658212,0,0.171850257,0.124,8.691,2.377,1.843,0,0,0,0,0
ROUTE4,12/10/2013,7.757051142,0.019939595,-0.21011929,0,0,0,0,0,-0.17494337,-0.174081434,0,-0.025975486,1.336278917,2.022605775,2.38480651,0,0.29025847,0,0,0,0,0,0,0.8543,1.1238,0.568,2.567,0,0,0,0,0,2.22658212,0.197825744,0.122,5.024,0,0.908,0,0,0,0,0
ROUTE4,12/17/2013,7.587310506,0.0229271,-0.433698501,0,0,0,0,0,-0.238622534,-0.230719452,0.007041146,-0.025975486,0.961941176,1.336278917,2.15684555,0,0.29025847,0,0,0,0,0,0,0.8543,0,1.1238,0.568,0,0,0,0,0,0,0.197825744,0.122,4.267,1.659,1.856,0,0,0,0,0
ROUTE4,12/24/2013,7.044905117,0.017441664,-0.794821755,0,1,0,0,0,-0.480750041,-0.230719452,0.249168654,-0.052643733,0.637969102,0.961941176,2.30027132,0,0.29025847,0,0,0,0,0,0,0.8543,0,0,1.1238,0,0,0,0,0,0,0.197825744,0.122,5.627,0,1.856,0,0,0,0,0
ROUTE4,12/31/2013,7.658227526,0.011956228,-0.527312836,0,0,0,0,0,-0.456016196,-0.230719452,0.224434808,-0.052643733,0.375770455,0.637969102,2.49804915,0,0.3991529,0,0,0,0,0,0,2.2164,0,0,0,0,0,0,0,0,0,0.197825744,0.072,5.161,0,1.744,0,0,0,0,0
ROUTE4,1/7/2014,8.074337694,0,0,0.147902147,0,0,0,0,-0.232559115,-0.230719452,0.000977727,-0.025975486,0.33960213,0.375770455,2.58705461,0,0.52804428,0,0,0,0,0,0,0.8732,3.4914,0,0,0,0,0,0,0,0,0.197825744,0,4.509,1.549,0.192,0,0,0,0,0
ROUTE4,1/14/2014,8.117908942,0.009432909,0,0.063371111,0,0,0,0,-0.298680379,-0.230719452,0.067098992,-0.052643733,0.131275716,0.33960213,2.48084065,0,0.52804428,0,0,0,0,0,0,0.8732,0,3.4914,0,0,0,0,0,0,0,0.197825744,0,5.636,0,0.192,0,0,0,0,0
ROUTE4,1/21/2014,8.01301211,0.009539649,0,0.014339548,0,0,0,0,-0.231581388,-0.230719452,0,-0.080042708,0.658461623,0.131275716,2.26558769,0,0.52804428,0,0,0,0,0,0,0.8732,0,0,3.4914,0,0,0,0,0,0,0.197825744,0,3.968,1.426,0.192,0,0,0,0,0
ROUTE4,1/28/2014,8.101980732,0,0,0.067703316,0,0,0,0,-0.308344515,-0.230719452,0.076763127,-0.052643733,3.770813307,0.658461623,2.25841573,0,0.52804428,0,0,0,0,0,0,0.8732,1.0378,0,0,0,0,0,0,0,0,0.197825744,0,0,0,0.192,0,0,0,0,0
ROUTE4,2/4/2014,8.157943507,0,0,0.102431296,0,0,0,0,-0.31844923,-0.230719452,0.086867843,-0.080042708,1.903720411,3.770813307,2.34033217,0,0.12622098,0,0,0,0,0,0,0.8732,0,1.0378,0,0,0,0,0,0,0,0.197825744,0.18,2.955,2.248,0.249,0,0,0,0,0
ROUTE4,2/11/2014,8.222285074,0.002008891,0,0.124755871,0,0,0,0,-0.341336649,-0.230719452,0.109755261,-0.052643733,0.627563181,1.903720411,2.49924014,0,0.12622098,0,0,0,0,0,0,0.8732,3.3642,0,1.0378,0,0,0,0,0,0,0.197825744,0.18,2.77,0,6.66,0,0,0,0,0
ROUTE4,2/18/2014,8.061486867,0.002912613,0,0.046115017,0,0,0,0,-0.265787601,-0.230719452,0.034206213,-0.080042708,0.564084071,0.627563181,2.38069626,0,0.12622098,0,0,0,0,0,0,0.8732,0,3.3642,0,0,0,0,0,0,0,0.197825744,0.18,2.572,2.034,7.127,0,0,0,0,0
ROUTE4,2/25/2014,8.196987927,0.009057139,0,0.129843711,0,0,0,0,-0.239181016,-0.230719452,0.007599628,-0.052643733,0.346276237,0.564084071,2.54727392,0,0.12622098,0,0,0,0,0,0,0.8732,0,0,3.3642,0,0,0,0,0,0,0.197825744,0.18,0,1.808,7.285,0,0,0,0,0
ROUTE4,3/4/2014,8.212839585,0.006080261,0,0.199303014,0,0,0,0,-0.261838563,-0.230719452,0.030257175,0,0.372535951,0.346276237,2.57449603,0,0,2.588024378,0,0,0,0,0,0.8732,3.026,0,0,0,0,0,0,0,0,0.197825744,1.315,0,0,5.12,0,0,0,0,0
ROUTE4,3/11/2014,8.23110984,0,0,0.160449846,0,0,0,0,-0.293102686,-0.230719452,0.061521299,0,0.455399067,0.372535951,2.52358372,0,0,2.588024378,2.588024378,0,0,0,0,2.3544,3.4914,3.026,0,2.2753,0,0,1.058627126,0,0,0.197825744,1.315,0,0,4.329,0,0,0,0,0
ROUTE4,3/18/2014,8.186464429,0,0,0.130205133,0,0,0,0,-0.238234023,-0.230719452,0.006652636,0,0.753956185,0.455399067,2.37135094,1.359143372,0,2.518412068,2.588024378,2.588024378,0,0,0,2.3544,0,3.4914,3.026,2.2753,2.2753,0,2.90229503,1.058627126,0,0.197825744,1.315,0,1.549,2.296,0,0,0,0,0
ROUTE4,3/25/2014,8.200562797,0,0,0.103314427,0,0,0,0,-0.290570234,-0.230719452,0.058988847,0,0.673759828,0.753956185,2.45328579,11.56021246,0,0,2.518412068,2.588024378,2.588024378,0,0,2.3544,3.3299,0,3.4914,0,2.2753,2.2753,0,2.90229503,1.058627126,0.197825744,1.315,3.581,0,1.95,0,0,0,0,0
ROUTE4,4/1/2014,8.114025442,0,0,0.109263902,0,0,0,0,-0.149098081,-0.148236145,0,-0.052643733,0.643337688,0.673759828,2.44729945,11.5883973,0.10877986,0,0,2.518412068,2.588024378,2.588024378,0,2.6424,3.026,3.3299,0,0,0,2.2753,3.96250215,0,2.90229503,0.197825744,1.329,0,2.65,0.206,0,0,0,0,0
ROUTE4,4/8/2014,8.097730574,0,0,0.066088428,0,0,0,0,-0.175035053,-0.148236145,0.025936972,-0.052643733,0.49820716,0.643337688,2.31198325,11.83927083,0.1832416,2.761079338,0,0,2.518412068,2.588024378,2.588024378,2.3476,4.6167,3.026,3.3299,2.3535,0,0,2.19787554,3.96250215,0,0.197825744,1.34,2.302,1.785,0,0,0,0,0,0
ROUTE4,4/15/2014,8.032035314,0.002694481,0,0.017267758,0,0,0,0,-0.152928349,-0.148236145,0.003830268,-0.052643733,0.767143189,0.49820716,2.31512138,12.24334589,0.1832416,2.761079338,2.761079338,0,0,2.518412068,2.588024378,2.3152,3.3299,4.6167,3.026,2.3535,2.3535,0,2.66634753,2.19787554,3.96250215,0.197825744,1.34,3.157,0,0,0,0,0,0,0
ROUTE4,4/22/2014,8.024534872,0.007036193,0,0.064580464,0,0,0,0,-0.076899508,-0.076037572,0,-0.052643733,0.40441963,0.767143189,2.31148863,12.12475819,0.1832416,2.584232578,2.761079338,2.761079338,0,0,2.518412068,2.3152,0,3.3299,4.6167,2.3535,2.3535,2.3535,1.99034219,2.66634753,2.19787554,0.197825744,1.34,1.874,1.021,0,0,0,0,0,0
ROUTE4,4/29/2014,8.057377489,0.009150283,0,0.094803699,0,0,0,0,-0.104760626,-0.076037572,0.027861117,-0.052643733,0.392846644,0.40441963,2.31991946,12.12871864,0.25299211,0.154141905,2.584232578,2.761079338,2.761079338,0,0,2.0206,3.3299,0,3.3299,0,2.3535,2.3535,4.05565635,1.99034219,2.66634753,0.197825744,1.119,3.897,0,0,0,0,0,0,0
ROUTE4,5/6/2014,8.096817471,0.016702009,0,0.124352165,0,0,0,0,-0.097177012,-0.076037572,0.020277504,-0.052643733,0.368749093,0.392846644,1.84745405,12.38021171,0.40865636,2.584232578,0.154141905,2.584232578,2.761079338,2.761079338,0,1.3564,4.8996,3.3299,0,2.3549,0,2.3535,3.12348073,4.05565635,1.99034219,0.197825744,0.163,2.583,3.052,0.057,0,0,0,0,0
ROUTE4,5/13/2014,8.008032847,0.015167852,0,0.067246896,0,0,0,0,-0.006765485,-0.005903549,0,-0.025975486,0.207982174,0.368749093,0.88521652,12.48489672,0.40865636,2.584232578,2.584232578,0.154141905,2.584232578,2.761079338,2.761079338,1.2018,3.5303,4.8996,3.3299,2.4017,2.3549,0,2.1206951,3.12348073,4.05565635,0.197825744,0.163,3.441,1.957,0.057,0,0,0,0,0
ROUTE4,5/20/2014,7.934513464,0.012826787,0,0.048373453,0,0,0,0,0,-0.005903549,0,-0.052643733,0.71178126,0.207982174,0.81272508,12.35922543,0.40865636,0.154141905,2.584232578,2.584232578,0.154141905,2.584232578,2.761079338,1.2018,2.246,3.5303,4.8996,0,2.4017,2.3549,1.65119663,2.1206951,3.12348073,0.197825744,0.163,0,0,0.057,0,0,0,0,0
ROUTE4,5/27/2014,7.878534196,0.020709774,0,0.005768248,0,0,0,0,-0.000861936,0,0,-0.080042708,0.448916871,0.71178126,0.66062679,12.41702027,0.40865636,0.154141905,0.154141905,2.584232578,2.584232578,0.154141905,2.584232578,1.0509,2.6846,2.246,3.5303,0,0,2.4017,2.86723259,1.65119663,2.1206951,0.197825744,0.163,2.554,0,0.057,0,0,0,0,0
ROUTE4,6/3/2014,8.099554282,0.041333284,0,0.098908158,0,0,0,0,-0.042500685,-0.041638749,0,0,0.413789818,0.448916871,0.59945944,12.51089624,0.5174301,0,0.154141905,0.154141905,2.584232578,2.584232578,0.154141905,1.0509,1.9355,2.6846,2.246,0,0,0,0,2.86723259,1.65119663,0.197825744,0.304,0,3.056,0.153,0,0,0,0,0
ROUTE4,6/10/2014,8.085486772,0.051681826,-0.008987962,0,0,0,0,0,-0.091347904,-0.064927546,0.025558422,0,0.364403621,0.413789818,1.70921874,12.45816788,0.53446201,0,0,0.154141905,0.154141905,2.584232578,2.584232578,1.0509,2.1557,1.9355,2.6846,0,0,0,3.2795683,0,2.86723259,0.340926587,0.326,0,0,6.238,0,0,0,0,0
ROUTE4,6/17/2014,8.049427057,0.043785129,0,0.01431906,0,0,0,0,-0.065789482,-0.064927546,0,0,0.520341334,0.364403621,2.52798124,12.77823471,0.53446201,0,0,0,0.154141905,0.154141905,2.584232578,1.0509,1.7743,2.1557,1.9355,0,0,0,1.71649327,3.2795683,0,0.340926587,0.326,0,0,6.006,0,0,0,0,0
ROUTE4,6/24/2014,7.922261058,0.024913131,-0.083990322,0,0,0,0,0,-0.136223066,-0.109097869,0.026263261,0,0.450416496,0.520341334,2.60226501,10.75301481,0.53446201,0,0,0,0,0.154141905,0.154141905,0.8732,1.9908,1.7743,2.1557,0,0,0,0,1.71649327,3.2795683,0.340926587,0.326,0,0,5.991,0,0,0,0,0
ROUTE4,7/1/2014,7.808729307,0.006406179,-0.137461279,0,0,0,0,0,-0.147543217,-0.109097869,0.037583412,-0.068992871,0.459862253,0.450416496,2.49783897,3.404762448,0.42455433,0,0,0,0,0,0.154141905,0.8732,0.2718,1.9908,1.7743,0,0,0,2.43411809,0,1.71649327,0.340926587,0.592,0,0,5.92,0,0,0,0,0
ROUTE4,7/8/2014,8.005033345,0,0,0.051704157,0,0,0,0,-0.109959805,-0.109097869,0,0,0.542451862,0.459862253,2.62498927,2.929287174,0.33339115,0,0,0,0,0,0,0.8732,0.8074,0.2718,1.9908,0,0,0,0,2.43411809,0,0.340926587,0.754,0,2.691,6.448,0,0,0,0,0
ROUTE4,7/15/2014,8.02125618,0,0,0.067858355,0,0,0,0,-0.122344764,-0.121482828,0,0,0.442392381,0.542451862,2.29748891,2.327277706,0.33339115,0,0,0,0,0,0,0.8732,1.7743,0.8074,0.2718,0,0,0,0,0,2.43411809,0.340926587,0.754,0,0,6.388,0,0,0,0,0
ROUTE4,7/22/2014,8.040446881,0.001760482,0,0.035249559,0,0,0,0,-0.157685441,-0.156823505,0,0,0.306123826,0.442392381,2.01138986,2.269914311,0.33339115,0,0,0,0,0,0,0.8732,1.9908,1.7743,0.8074,0,0,0,0,0,0,0.340926587,0.754,0,0,5.217,0,0,0,0,0
ROUTE4,7/29/2014,8.058643712,0,0,0.051891928,0,0,0,0,-0.194216493,-0.179788254,0.013566303,0,0.471178487,0.306123826,2.68208822,9.03577012,0.32283191,0,0,0,0,0,0,0.8732,0,1.9908,1.7743,0,0,0,1.84589159,0,0,0.340926587,0.688,0,0,0,0,0,0,0,0
ROUTE4,8/5/2014,8.092239407,0.006960012,0,0.099840678,0,0,0,0,-0.18065019,-0.179788254,0,0,0.500585282,0.471178487,2.57556511,8.8983217,0.25702209,0.287666617,0,0,0,0,0,0.8732,0.2718,0,1.9908,0,0,0,1.71649327,1.84589159,0,0.340926587,0.163,0,2.304,0,0,0,0,0,0
ROUTE4,8/12/2014,8.076204527,0.019047012,0,0.041794529,0,0,0,0,-0.182046084,-0.181184148,0,0,0.334006144,0.500585282,2.55857492,9.50235945,0.25702209,0.287666617,0.287666617,0,0,0,0,0.8732,4.2624,0.2718,0,0,0,0,0,1.71649327,1.84589159,0.340926587,0.163,0,0.693,0,0,0,0,0,0
ROUTE4,8/19/2014,8.165647925,0.021640991,0,0.013791725,0,0,0,0,-0.318932348,-0.194248591,0.123821821,0,1.213721371,0.334006144,2.63998575,7.91281537,0.25702209,0.287666617,0.287666617,0.287666617,0,0,0,0.8732,2.5505,4.2624,0.2718,0,0,0,1.041475518,0,1.71649327,0.362905494,0.163,0,0,0,0,0,0,0,0
ROUTE4,8/26/2014,8.199738961,0.017607707,0,0.00059781,0,0,0,0,-0.370287521,-0.194248591,0.175176994,0,0.567200031,1.213721371,2.59587773,2.351375257,0.25702209,0.287666617,0.287666617,0.287666617,0.287666617,0,0,0.8732,0,2.5505,4.2624,0,0,0,2.90286865,1.041475518,0,0.362905494,0.163,0,0,3.025,0,0,0,0,0
ROUTE4,9/2/2014,8.056743775,0.007114209,0,0.050764297,0,0,0,0,-0.246688973,-0.194248591,0.051578446,-0.068992871,0.437344414,0.567200031,2.56297996,2.169053701,0.15005948,0.287666518,0.287666617,0.287666617,0.287666617,0.287666617,0,0.8732,0.2718,0,2.5505,0,0,0,3.70326669,2.90286865,1.041475518,0.340926587,1.66,0,0,5.847,0,0,0,0,0
ROUTE4,9/9/2014,8.20028826,0.006670077,0,0.135014929,0,0,0,0,-0.268486899,-0.194248591,0.073376372,-0.045462374,0.223143551,0.437344414,2.57487779,11.79696009,0.10385107,0.287666518,0.287666518,0.287666617,0.287666617,0.287666617,0.287666617,0.8732,1.8322,0.2718,0,0,0,0,0,3.70326669,2.90286865,0.340926587,1.93,0,3.105,6.484,0,0,0,0,0
ROUTE4,9/16/2014,8.123261319,0,0,0.058735099,0,0,0,0,-0.251644489,-0.194248591,0.056533962,-0.022472856,0.195169699,0.223143551,2.58665212,12.67047535,0.10385107,0.287666518,0.287666518,0.287666518,0.287666617,0.287666617,0.287666617,1.6051,3.4071,1.8322,0.2718,0,0,0,1.70542219,0,3.70326669,0.340926587,1.93,0,0,5.209,0,0,0,0,0
ROUTE4,9/23/2014,8.045267717,0,-0.010392836,0,0,0,0,0,-0.220825483,-0.194248591,0.025714956,-0.045462374,0.856214549,0.195169699,2.56023616,12.91851935,0.10385107,0,0.287666518,0.287666518,0.287666518,0.287666617,0.287666617,1.701,3.5214,3.4071,1.8322,0,0,0,2.60674349,1.70542219,0,0.340926587,1.93,0,0,1.159,0,0,0,0,0
ROUTE4,9/30/2014,8.183955717,0.003745829,0,0.063365895,0,0,0,0,-0.277664106,-0.194248591,0.082553579,0,0.39496081,0.856214549,2.54104531,12.88776799,0.22579185,0,0,0.287666518,0.287666518,0.287666518,0.287666617,1.701,3.3326,3.5214,3.4071,0.4107,0,0,3.38742015,2.60674349,1.70542219,0.340926587,1.694,0,0,6.288,0,0,0,0,0
ROUTE4,10/7/2014,8.160518247,0.012882192,0,0.030810416,0,0,0,0,-0.242194938,-0.194248591,0.047084411,-0.022989518,0.399175779,0.39496081,2.39767781,12.99782789,0.368216,0,0,0,0.287666518,0.287666518,0.287666518,1.701,4.8296,3.3326,3.5214,0.4107,0.4107,0,3.16931416,3.38742015,2.60674349,0.318453731,1.255,0,3.135,6.404,0,0,0,0,0
ROUTE4,10/14/2014,8.077757564,0.017799502,-0.014072725,0,0,0,0,0,-0.230510225,-0.194248591,0.035399698,-0.022989518,0.377920994,0.399175779,2.30595123,13.01822917,0.368216,0,0,0,0,0.287666518,0.287666518,1.5176,3.6013,4.8296,3.3326,0,0.4107,0.4107,1.65439246,3.16931416,3.38742015,0.318453731,1.255,0,1.994,6.115,0,0,0,0,0
ROUTE4,10/21/2014,8.14612951,0.010862329,0,0.07456881,0,0,0,0,-0.240188329,-0.194248591,0.045077802,-0.022989518,0.551522219,0.377920994,2.25499034,12.74432762,0.368216,0,0,0,0,0,0.287666518,2.1332,4.7402,3.6013,4.8296,0,0,0.4107,2.2468763,1.65439246,3.16931416,0.318453731,1.255,0,0.947,6.129,0,0,0,0,0
ROUTE4,10/28/2014,8.126518169,0.009205612,0,0.044081486,0,0,0,0,-0.21603198,-0.194248591,0.020921453,-0.120627988,0.410676167,0.551522219,1.97641413,13.11517295,0.368216,0,0,0,0,0,0,2.1332,3.5648,4.7402,3.6013,0.0053,0,0,4.03223379,2.2468763,1.65439246,0.318453731,1.255,0,0.947,5.756,0,0,0,0,0
ROUTE4,11/4/2014,8.058960018,0.001238503,0,0.022940911,0,0,0,0,-0.203163242,-0.194248591,0.008052715,0,0.515672791,0.410676167,1.99876839,13.06332634,0.32076459,0,0,0,0,0,0,2.1473,4.2434,3.5648,4.7402,0.0053,0.0053,0,0,4.03223379,2.2468763,0.318453731,0.602,0,3.814,5.855,0,0,0,0,0
ROUTE4,11/11/2014,8.008698183,0.001583685,-0.050350404,0,0,0,0,0,-0.195110527,-0.194248591,0,0,0.378457907,0.515672791,2.01691448,11.29165471,0.32076459,0,0,0,0,0,0,2.1473,3.7488,4.2434,3.5648,1.7145,0.0053,0.0053,2.90407811,0,4.03223379,0.318453731,0.602,0,0,6.429,0,0,0,0,0
ROUTE4,11/18/2014,7.911690521,0,-0.151784,0,0,0,0,0,-0.253601844,-0.213630428,0.03910948,0,0.405987438,0.378457907,2.00015172,11.26464495,0.32076459,0,0,0,0,0,0,2.1473,4.4021,3.7488,4.2434,1.5148,1.7145,0.0053,0.637743944,2.90407811,0,0.318453731,0.602,0,0,6.03,0,0,0,0,0
ROUTE4,11/25/2014,7.689371108,0,-0.360263922,0,0,0,0,0,-0.258085501,-0.213630428,0.043593138,0,0.927512795,0.405987438,1.57716765,9.35615847,0.32076459,0,0,0,0,0,0,2.1473,0.9732,4.4021,3.7488,1.5148,1.5148,1.7145,1.139459387,0.637743944,2.90407811,0.197825744,0.602,0,0,1.571,0,0,0,0,0
ROUTE4,12/2/2014,8.006367568,0,-0.060461418,0,0,0,0,0,-0.214492364,-0.213630428,0,0,0.562745681,0.927512795,1.90634667,2.404367787,0.4166349,0,0,0,0,0,0,2.1473,0.912,0.9732,4.4021,1.5148,1.5148,1.5148,2.78835584,1.139459387,0.637743944,0.197825744,0.305,0,0,1.272,0,0,0,0,0
ROUTE4,12/9/2014,7.890582535,0,-0.21011929,0,0,0,0,0,-0.253980656,-0.25311872,0,-0.025975486,1.533592237,0.562745681,2.11420239,2.255044148,0.45254945,0,0,0,0,0,0,1.931,0.9732,0.912,0.9732,0,1.5148,1.5148,0,2.78835584,1.139459387,0.197825744,0.157,0,3.349,1.004,0,0,0,0,0
ROUTE4,12/16/2014,7.687538766,0.001209102,-0.433698501,0,0,0,0,0,-0.330991981,-0.266281677,0.063848368,-0.025975486,1.355051147,1.533592237,1.53705639,1.779783278,0.45254945,0,0,0,0,0,0,1.1038,0,0.9732,0.912,0,0,1.5148,0,0,2.78835584,0.197825744,0.157,0,0,1.24,0,0,0,0,0
ROUTE4,12/23/2014,7.275172319,0,-0.794821755,0,0,0,0,0,-0.424595736,-0.266281677,0.157452123,-0.108213585,0.759471919,1.355051147,1.83962428,1.61655538,0.45254945,0,0,0,0,0,0,1.1038,2.2993,0,0.9732,0,0,0,0,0,0,0.197825744,0.157,0,0,2.284,0,0,0,0,0
ROUTE4,12/30/2014,7.596894438,0,-0.527312836,0,0,0,0,0,-0.452090689,-0.266281677,0.184947076,-0.108213585,0.457385165,0.759471919,0,0,0.43694067,0,0,0,0,0,0,1.1038,0,2.2993,0,0,0,0,0,0,0,0.197825744,0.115,0,1.032,1.2,0,0,0,0,0
ROUTE4,1/6/2015,8.31605572,0.003754489,0,0.147902147,0,0,0,0,-0.287168297,-0.266281677,0.020024684,-0.122602322,0.252793654,0.457385165,1.83925129,0,0.39681834,0,0,0,0,0,0,1.1022,0.9732,0,2.2993,0,0,0,0,0,0,0.197825744,0.003,0,2.056,0.793,0,0,0,0,0
ROUTE4,1/13/2015,8.130942302,0,0,0.063371111,0,0,0,0,-0.267143613,-0.266281677,0,-0.052643733,0.549262331,0.252793654,1.78929447,0,0.39681834,0,0,0,0,0,0,1.1022,0.1009,0.9732,0,0,0,0,0,0,0,0.197825744,0.003,0,0,0.793,0,0,0,0,0
ROUTE4,1/20/2015,8.157943507,0,0,0.014339548,0,0,0,0,-0.351574406,-0.266281677,0.084430793,-0.080042708,0.547450736,0.549262331,2.50061943,0,0.39681834,0,0,0,0,0,0,1.1022,0.9732,0.1009,0.9732,0,0,0,0,0,0,0.197825744,0.003,0,0,0.793,0,0,0,0,0
ROUTE4,1/27/2015,8.279950716,0.009027788,0,0.067703316,0,0,0,0,-0.306187073,-0.266281677,0.03904346,-0.052643733,0.293932093,0.547450736,2.17154851,0,0.39681834,0,0,0,0,0,0,1.1022,0,0.9732,0.1009,0,0,0,0,0,0,0.197825744,0.003,0,0,2.613,0,0,0,0,0
ROUTE4,2/3/2015,8.246958033,0.0035553,0,0.102431296,0,0,0,0,-0.317107406,-0.266281677,0.049963793,-0.080042708,0.129211731,0.293932093,2.3443421,0,0.51505446,0,0,0,0,0,0,1.1022,0,0,0.9732,0,0,0,0,0,0,0.197825744,0.24,0,0,2.71,0,0,0,0,0
ROUTE4,2/10/2015,8.267192186,0,0,0.124755871,0,0,0,0,-0.350633124,-0.266281677,0.083489512,-0.025975486,0.116737557,0.129211731,1.97070744,0,0.53346949,0,0,0,0,0,0,1.1022,3.4914,0,0,0,0,0,0,0,0,0.197825744,0.274,0,0,0,0,0,0,0,0
ROUTE4,2/17/2015,8.222016437,0,0,0.046115017,0,0,0,0,-0.290876841,-0.266281677,0.023733228,-0.052643733,0.182190932,0.116737557,2.07172138,11.22346562,0.53346949,0,0,0,0,0,0,1.1022,0,3.4914,0,0,0,0,0,0,0,0.197825744,0.274,0,0,0,0,0,0,0,0
ROUTE4,2/24/2015,8.302265795,0,0,0.129843711,0,0,0,0,-0.290018811,-0.266281677,0.022875199,0,0.184148518,0.182190932,2.21909324,12.03940246,0.53346949,0,0,0,0,0,0,1.2995,0,0,3.4914,0,0,0,1.75586224,0,0,0.197825744,0.274,0,0,0,0,0,0,0,0
ROUTE4,3/3/2015,8.404472321,0,0,0.199303014,0,0,0,0,-0.302049904,-0.266281677,0.034906291,0,1.24444364,0.184148518,1.71565347,12.35406753,0.43364512,0,0,0,0,0,0,1.5453,0,0,0,2.2279,0,0,0,1.75586224,0,0.271933716,0.188,0,0,0,0,0,0,0,0
ROUTE4,3/10/2015,8.383661799,0.00722825,0,0.160449846,0,0,0,0,-0.28315491,-0.266281677,0.016011297,0,0.807441029,1.24444364,1.58235348,12.09141748,0.41599411,0,0,0,0,0,0,1.6403,0,0,0,2.2279,2.2279,0,1.247191961,0,1.75586224,0.295464213,0.173,0,0,4.719,0,0,0,0,0
ROUTE4,3/17/2015,8.414495793,0.039554517,0,0.130205133,0,0,0,0,-0.273197758,-0.266281677,0.006054145,0,0.827510907,0.807441029,2.10583764,12.39884933,0.41599411,0,0,0,0,0,0,1.505,2.1935,0,0,0,2.2279,2.2279,3.23553567,1.247191961,0,0.295464213,0.173,0,0,5.369,0,0,0,0,0
ROUTE4,3/24/2015,8.440096141,0.054518017,0,0.103314427,0,0,0,0,-0.303546128,-0.266281677,0.036402515,0,0.230638902,0.827510907,1.56257776,12.56088623,0.41599411,0,0,0,0,0,0,1.382,3.6541,2.1935,0,0,0,2.2279,1.86419408,3.23553567,1.247191961,0.295464213,0.173,0,0,0,0,0,0,0,0
ROUTE4,3/31/2015,8.417593826,0.052182803,0,0.109263902,0,0,0,0,-0.339296226,-0.266281677,0.072152613,0,0.675755438,0.230638902,2.05999792,12.55960754,0.48978829,0,0,0,0,0,0,1.6246,4.2244,3.6541,2.1935,2.186,0,0,3.51197626,1.86419408,3.23553567,0.295464213,0.827,0,0,0,0,0,0,0,0
ROUTE4,4/7/2015,8.413608875,0.057724045,0,0.066088428,0,0,0,0,-0.287218528,-0.266281677,0.020074915,0,0.859206075,0.675755438,2.02946136,12.51249665,0.58040523,0,0,0,0,0,0,1.7347,2.001,4.2244,3.6541,2.186,2.186,0,1.247191961,3.51197626,1.86419408,0.295464213,1.321,0,0,0,0,0,0,0,0
ROUTE4,4/14/2015,8.23562572,0.043473601,0,0.017267758,0,0,0,0,-0.198612522,-0.197750586,0,0,0.491518172,0.859206075,1.94919993,12.54180851,0.58040523,0,0,0,0,0,0,1.9176,0,2.001,4.2244,0,2.186,2.186,2.0723814,1.247191961,3.51197626,0.318453731,1.321,0,0,5,0,0,0,0,0
ROUTE4,4/21/2015,8.219595454,0.031269316,0,0.064580464,0,0,0,0,-0.174947348,-0.174085412,0,0,0.290421264,0.491518172,1.98136017,12.62628678,0.58040523,0,0,0,0,0,0,1.9176,4.3271,0,2.001,0,0,2.186,1.83742266,2.0723814,1.247191961,0.318453731,1.321,0,0,5.251,0,0,0,0,0
ROUTE4,4/28/2015,8.183676583,0.017842286,0,0.094803699,0,0,0,0,-0.149495419,-0.148633483,0,0,0.270888237,0.290421264,1.76907405,12.68772601,0.5414796,0,0,0,0,0,0,1.9967,0,4.3271,0,2.186,0,0,4.45796044,1.83742266,2.0723814,0.318453731,1.317,0,0,5.387,0,0,0,0,0
ROUTE4,5/5/2015,8.267962305,0.021269651,0,0.124352165,0,0,0,0,-0.168394283,-0.148633483,0.018898864,0,0.290421264,0.270888237,1.5398262,12.56617571,0.26946225,0,0,0,0,0,0,1.9345,2.001,0,4.3271,2.186,2.186,0,0,4.45796044,1.83742266,0.340926587,1.289,0,0,5.544,0,0,0,0,0
ROUTE4,5/12/2015,8.250358951,0.026452363,0,0.067246896,0,0,0,0,-0.15454288,-0.148633483,0.005047461,0,0.218745178,0.290421264,1.50476439,12.60156918,0.26946225,0,0,0,0,0,0,1.9345,4.2244,2.001,0,0,2.186,2.186,2.29400587,0,4.45796044,0.340926587,1.289,0,0,5.455,0,0,0,0,0
ROUTE4,5/19/2015,8.3854887,0.028935599,0,0.048373453,0,0,0,0,-0.281585161,-0.148633483,0.132089742,0,4.871235094,0.218745178,1.46945425,12.57291052,0.26946225,0,0,0,0,0,0,1.5416,0,4.2244,2.001,0,0,2.186,1.247191961,2.29400587,0,0.340926587,1.289,0,0,5.649,0,0,0,0,0
ROUTE4,5/26/2015,8.140023952,0.015163621,0,0.005768248,0,0,0,0,-0.132768462,-0.131906526,0,-0.093090423,5.314417469,4.871235094,1.70960588,12.65717806,0.26946225,0,0,0,0,0,0,1.5416,0,0,4.2244,2.186,0,0,0,1.247191961,2.29400587,0.340926587,1.289,0,0,5.185,0,0,0,0,0
ROUTE4,6/2/2015,8.151333338,0,0,0.098908158,0,0,0,0,-0.06789832,-0.067036384,0,0,3.836363312,5.314417469,1.59151648,12.58700596,0.39025345,0,0,0,0,0,0,1.3949,0,0,0,2.186,2.186,0,4.24918229,0,1.247191961,0.340926587,0.649,0,0,5.443,0,0,0,0,0
ROUTE4,6/9/2015,7.992606652,0,-0.008987962,0,0,0,0,0,-0.059023425,-0.067036384,0,0,1.55962842,3.836363312,2.72131178,12.73610051,0.43476055,0.154141905,0,0,0,0,0,1.6248,4.2244,0,0,0,2.186,2.186,2.9502053,4.24918229,0,0.362905494,0.205,0,0,5.64,0,0,0,0,0
ROUTE4,6/16/2015,8.076826031,0,0,0.01431906,0,0,0,0,-0.070559401,-0.069697465,0,0,1.479036413,1.55962842,2.8743574,12.13300894,0.43476055,0.154141905,0.154141905,0,0,0,0,1.8396,0,4.2244,0,0,0,2.186,3.56966358,2.9502053,4.24918229,0.362905494,0.205,0,0,4.931,0,0,0,0,0
ROUTE4,6/23/2015,8.019612794,0,-0.083990322,0,0,0,0,0,-0.099621602,-0.083839002,0.014920664,0,1.27578302,1.479036413,2.89031151,4.658372372,0.43476055,0.154141905,0.154141905,0.154141905,0,0,0,1.7642,0,0,4.2244,0,0,0,2.23530532,3.56966358,2.9502053,0.362905494,0.205,0,0,5.431,0,0,0,0,0
ROUTE4,6/30/2015,7.931644021,0.008382916,-0.137461279,0,0,0,0,0,-0.096869477,-0.083839002,0.012168539,-0.143100844,1.02827503,1.27578302,2.84657043,3.765344341,0.57382335,0.154141905,0.154141905,0.154141905,0.154141905,0,0,1.7642,0,0,0,0,0,0,2.67593846,2.23530532,3.56966358,0.340926587,0.192,0,0,5.407,0,0,0,0,0
ROUTE4,7/7/2015,8.167919363,0.01742118,0,0.051704157,0,0,0,0,-0.084700938,-0.083839002,0,0,1.098089686,1.02827503,2.91493807,3.509410966,0.73347501,0.154141905,0.154141905,0.154141905,0.154141905,0.154141905,0,1.5674,0,0,0,0,0,0,0,2.67593846,2.23530532,0.340926587,0.173,0,0,5.973,0,0,0,0,0
ROUTE4,7/14/2015,8.184513753,0.008211864,0,0.067858355,0,0,0,0,-0.13934234,-0.217503519,0,-0.105360516,1.143064051,1.098089686,2.84549084,6.97143406,0.73347501,0.154141905,0.154141905,0.154141905,0.154141905,0.154141905,0.154141905,1.2229,3.2593,0,0,0,0,0,0,0,2.67593846,0.446287103,0.173,0,0,5.684,0,0,0,0,0
ROUTE4,7/21/2015,8.225235324,0.00604072,0,0.035249559,0,0,0,0,-0.186123561,-0.217503519,0,-0.105360516,1.263675002,1.143064051,2.73056443,8.21563433,0.73347501,0.154141905,0.154141905,0.154141905,0.154141905,0.154141905,0.154141905,1.0957,0,3.2593,0,0,0,0,0,0,0,0.446287103,0.173,0,0,0,0,0,0,0,0
ROUTE4,7/28/2015,8.24957515,0,0,0.051891928,0,0,0,0,-0.243345795,-0.217503519,0.024980341,-0.105360516,1.154245681,1.263675002,2.50965051,2.78147767,0.73347501,0.154141905,0.154141905,0.154141905,0.154141905,0.154141905,0.154141905,1.0957,0,0,3.2593,0,0,0,0,0,0,0.446287103,0.173,0,0,0,0,0,0,0,0
ROUTE4,8/4/2015,8.237479289,0,0,0.099840678,0,0,0,0,-0.213778532,-0.217503519,0,-0.105360516,2.011658473,1.154245681,2.56859233,2.48490665,0.44421663,0.287666617,0.154141905,0.154141905,0.154141905,0.154141905,0.154141905,1.0957,0,0,0,0,0,0,0,0,0,0.446287103,0.906,0,0,0,0,0,0,0,0
ROUTE4,8/11/2015,8.155936338,0,0,0.041794529,0,0,0,0,-0.193940886,-0.217503519,0,0,1.374469233,2.011658473,2.42713152,2.934996039,0.44421663,0.287666617,0.287666617,0.154141905,0.154141905,0.154141905,0.154141905,1.4073,2.001,0,0,0,0,0,0,0,0,0.446287103,0.906,0,0,2.675,0,0,0,0,0
ROUTE4,8/18/2015,8.204671829,0.003755996,0,0.013791725,0,0,0,0,-0.241685264,-0.217503519,0.023319809,0,1.623291352,1.374469233,2.05984706,2.799021979,0.44421663,0.287666617,0.287666617,0.287666617,0.154141905,0.154141905,0.154141905,1.4073,0,2.001,0,0,0,0,0,0,0,0.446287103,0.906,0,0,3.378,0,0,0,0,0
ROUTE4,8/25/2015,8.310660906,0.014124044,0,0.00059781,0,0,0,0,-0.33345266,-0.217503519,0.115087205,0,1.047153991,1.623291352,1.9977775,3.160035325,0.44421663,0.287666617,0.287666617,0.287666617,0.287666617,0.154141905,0.154141905,1.4073,2.001,0,2.001,0,0,0,1.44580024,0,0,0.446287103,0.906,0,0,3.378,0,0,0,0,0
ROUTE4,9/1/2015,8.322394113,0.014192852,0,0.050764297,0,0,0,0,-0.324319712,-0.217503519,0.105954258,-0.198450939,1.038314155,1.047153991,1.97340141,2.567692844,0.50297001,0,0.287666617,0.287666617,0.287666617,0.287666617,0.154141905,1.4073,0,2.001,0,0,0,0,1.101580121,1.44580024,0,0.446287103,1.535,0,0,3.378,0,0,0,0,0
ROUTE4,9/8/2015,8.316300249,0.009625547,0,0.135014929,0,0,0,0,-0.260504586,-0.217503519,0.042139131,-0.198450939,0.861526646,1.038314155,1.39034554,2.499677967,0.54487512,0,0,0.287666617,0.287666617,0.287666617,0.287666617,1.4352,3.2593,0,2.001,0,0,0,0,1.101580121,1.44580024,0.446287103,1.836,0,0,3.347,0,0,0,0,0
ROUTE4,9/15/2015,8.478036476,0.009625547,0,0.058735099,0,0,0,0,-0.218365455,-0.217503519,0,-0.040821995,0.680131812,0.861526646,1.19395743,5.775992388,0.54487512,0,0,0,0.287666617,0.287666617,0.287666617,1.9163,2.001,3.2593,0,0,0,0,0,0,1.101580121,0.446287103,1.836,0,0,1.53,0,0,0,0,0
ROUTE4,9/22/2015,8.540714386,0.012360894,-0.010392836,0,0,0,0,0,-0.279361274,-0.228321304,0.050178033,-0.083381609,1.379807852,0.680131812,0.83512924,2.921624302,0.54487512,0,0,0,0,0.287666617,0.287666617,1.9163,0,2.001,3.2593,0,0,0,2.65039381,0,0,0.446287103,1.836,0,0,1.53,0,0,0,0,0
ROUTE4,9/29/2015,8.530898838,0,0,0.063365895,0,0,0,0,-0.28962318,-0.228321304,0.060439939,0,1.212323421,1.379807852,1.22648574,2.448539006,0.46312434,0,0,0,0,0,0.287666617,1.9163,2.001,0,2.001,1.9419,0,0,3.18346882,2.65039381,0,0.446287103,1.572,0,0.993,5.722,0,0,0,0,0
ROUTE4,10/6/2015,8.516192691,0.00137686,0,0.030810416,0,0,0,0,-0.270049313,-0.228321304,0.040866073,0,1.011600912,1.212323421,1.39219701,1.961100315,0.22364389,0,0,0,0,0,0,1.9163,4.6725,2.001,0,1.9419,1.9419,0,2.13892281,3.18346882,2.65039381,0.426084396,0.173,0,0,5.849,0,0,0,0,0
ROUTE4,10/13/2015,8.466320861,0.007185748,-0.014072725,0,0,0,0,0,-0.248194007,-0.228321304,0.019010766,0,0.909370289,1.011600912,0.62620604,2.951929651,0.22364389,0,0,0,0,0,0,1.6788,4.3271,4.6725,2.001,2.6847,1.9419,1.9419,0,2.13892281,3.18346882,0.426084396,0.173,0,0,5.976,0,0,0,0,0
ROUTE4,10/20/2015,8.548691858,0.016636426,0,0.07456881,0,0,0,0,-0.254730013,-0.228321304,0.025546773,0,1.045777908,0.909370289,0.30435554,2.864239618,0.22364389,0,0,0,0,0,0,1.9021,0,4.3271,4.6725,2.6847,2.6847,1.9419,2.78570703,0,2.13892281,0.426084396,0.173,0,0.993,6.485,0,0,0,0,0
ROUTE4,10/27/2015,8.469472455,0.025160005,0,0.044081486,0,0,0,0,-0.240490477,-0.228321304,0.011307236,-0.085157808,0.653989161,1.045777908,0.86739419,2.273597556,0.22364389,0,0,0,0,0,0,2.1117,2.867,0,4.3271,2.0388,2.6847,2.6847,4.39729064,2.78570703,0,0.426084396,0.173,0,0,6.075,0,0,0,0,0
ROUTE4,11/3/2015,8.48115142,0.040686993,0,0.022940911,0,0,0,0,-0.22918324,-0.228321304,0,0,0.613235081,0.653989161,1.31835597,11.6114616,0.07785942,0,0,0,0,0,0,1.9535,0.912,2.867,0,2.0388,2.0388,2.6847,0,4.39729064,2.78570703,0.426084396,0.559,0,0,6.368,0,0,0,0,0
ROUTE4,11/10/2015,8.445482344,0.051621255,-0.050350404,0,0,0,0,0,-0.250053842,-0.228321304,0.020870602,0,0.928751952,0.613235081,1.08308004,11.46044048,0.05135342,0,0,0,0,0,0,1.7741,0,0.912,2.867,2.0388,2.0388,2.0388,2.13892281,0,4.39729064,0.426084396,0.611,0,0,6.245,0,0,0,0,0
ROUTE4,11/17/2015,8.427049642,0.060197634,-0.151784,0,0,0,0,0,-0.34112899,-0.228321304,0.111945749,0,0.799016971,0.928751952,0.66667311,10.98130719,0.05135342,0,0,0,0,0,0,1.5161,2.682,0,0.912,2.0388,2.0388,2.0388,1.247191961,2.13892281,0,0.426084396,0.611,0,0,5.858,0,0,0,0,0
ROUTE4,11/24/2015,8.125630988,0.049255846,-0.360263922,0,0,0,0,0,-0.373999939,-0.228321304,0.144816699,-0.173271721,0.689614302,0.799016971,0,10.00435854,0.05135342,0,0,0,0,0,0,1.0957,0,2.682,0,0,2.0388,2.0388,1.86419408,1.247191961,2.13892281,0.318453731,0.611,0,0,5.968,0,0,0,0,0
ROUTE4,12/1/2015,8.397508348,0,-0.060461418,0,0,0,0,0,-0.27573303,-0.228321304,0.04654979,0,0.776920562,0.689614302,0.347363434,9.87634023,0.23907415,0,0,0,0,0,0,1.0957,4.1368,0,2.682,0,0,2.0388,4.28986061,1.86419408,1.247191961,0.318453731,0.441,0,0,5.995,0,0,0,0,0
ROUTE4,12/8/2015,8.197263371,0,-0.21011929,0,0,0,0,0,-0.285308983,-0.228321304,0.056125742,-0.023530497,3.044522438,0.776920562,0.941204277,8.85622847,0.35984418,0,0,0,0,0,0,1.0957,4.9609,4.1368,0,0,0,0,1.54110441,4.28986061,1.86419408,0.295464213,0.291,0,0,1.574,0,0,0,0,0
ROUTE4,12/15/2015,8.07059354,0,-0.433698501,0,0,0,0,0,-0.372136879,-0.228321304,0.142953639,0,4.131196303,3.044522438,1.52923259,7.83443472,0.35984418,0,0,0,0,0,0,1.0957,2.682,4.9609,4.1368,0,0,0,2.50263479,1.54110441,4.28986061,0.295464213,0.291,0,0,1.279,0,0,0,0,0
ROUTE4,12/22/2015,7.720461695,0.011475154,-0.794821755,0,0,0,0,0,-0.367265981,-0.228321304,0.138082741,0,4.756012668,4.131196303,1.546449873,0,0.35984418,3.018286738,0,0,0,0,0,1.0957,0,2.682,4.9609,0,0,0,2.50263479,2.50263479,1.54110441,0.271933716,0.291,0,0,1.987,0,0,0,0,0
ROUTE5,1/1/2013,8.551594618,0,0,0,0,0,0,0,-0.47001797,-0.414221312,0.042267326,-0.353793098,0,0,2.29782184,0,0.13105649,0,0,0,0,0,0,0,0,0,0,0,0,0,2.98109521,0,0,0,0.224,0,0,0,0,0,0,0,0
ROUTE5,1/8/2013,8.962647948,0,0,0,0,0,0,0,-0.441121418,-0.414221312,0.013370774,0,0.654803825,0,2.32129244,0,0.69067227,0,0,0,0,0,0,0.9765,0,0,0,0,0,0,0,2.98109521,0,0,0.784,0,2.936,0.028,0,0,0,0,0
ROUTE5,1/15/2013,8.865735152,0,0,0,0,0,0,0,-0.427750644,-0.414221312,0,-0.010152371,1.024343545,0.654803825,1.9739773,0,0.69067227,0,0,0,0,0,0,0,0,0,0,0,0,0,0,0,2.98109521,0,0.784,7.411,0,0.719,0,0,0,0,0
ROUTE5,1/22/2013,8.797548488,0,0,0,0,0,0,0,-0.451307901,-0.414221312,0.023557258,-0.030771659,0.859206075,1.024343545,1.97360305,0,0.69067227,0,0,0,0,0,0,0,0,0,0,0,0,0,0,0,0,0,0.784,4.504,1.624,0.719,0,0,0,0,0
ROUTE5,1/29/2013,8.95493186,0.018226519,0,0.016192164,0,0,0,0,-0.451240404,-0.414221312,0.023489761,0,0.760571424,0.859206075,2.08198672,0,0.66216028,0,0,0,0,0,0,0,0,0,0,0,0,0,0,0,0,0,0.785,7.284,0,0.719,0,0,0,0,0
ROUTE5,2/5/2013,8.969414651,0,0,0.040505113,0,0,0,0,-0.437220422,-0.414221312,0.009469779,0,0.5392577,0.760571424,2.19025601,0,0.47156361,0,0,0,0,0,0,0.4506,0,0,0,0,0,0,0,0,0,0,0.794,6.824,2.44,0.834,0,0,0,0,0
ROUTE5,2/12/2013,8.890272839,0.000180756,-0.036885308,0,0,0,0,0,-0.459364867,-0.414221312,0.031614224,0,0.484784139,0.5392577,2.17665519,0,0.47156361,0,0,0,0,0,0,0.4506,0,0,0,0,0,0,0,0,0,0.015037877,0.794,8.781,3.072,0.834,0,0,0,0,0
ROUTE5,2/19/2013,8.943506132,0.013656137,0,0.009006587,0,0,0,0,-0.418206071,-0.404676739,0,-0.020101179,0.360585782,0.484784139,2.10030547,0,0.47156361,0,0,0,0,0,0,0.4506,0,0,0,0,0,0,0,0,0,0.015037877,0.794,10.307,1.328,0.834,0,0,0,0,0
ROUTE5,2/26/2013,8.976009475,0.011734826,0,0.06161783,0,0,0,0,-0.374648319,-0.361118987,0,0,0.519875459,0.360585782,2.00821898,0,0.46297348,0,0,0,0,0,0,0.4506,0,0,0,0,0,0,0,0,0,0.063591102,0.762,0,0,0.834,0,0,0,0,0
ROUTE5,3/5/2013,9.039314775,0.009413448,0,0.093153011,0,0,0,0,-0.41316232,-0.361118987,0.038514001,-0.004750603,1.046603785,0.519875459,2.0118178,0,0.40982291,2.220971298,0,0,0,0,0,0.4506,4.7738,0,0,2.9766,0,0,0,0,0,0.063591102,0.541,0,1.741,0.081,0,0,0,0,0
ROUTE5,3/12/2013,8.982561092,0.015547569,0,0.073484151,0,0,0,0,-0.348151825,-0.334622493,0,-0.004750603,0.817180237,1.046603785,1.90902131,0,0.40982291,3.883681838,2.220971298,0,0,0,0,0.556,2.7495,4.7738,0,2.9766,2.9766,0,0,0,0,0.063591102,0.541,0,0,0.081,0,0,0,0,0
ROUTE5,3/19/2013,8.95040316,0.005404328,0,0.059406811,0,0,0,0,-0.340759024,-0.327229692,0,-0.004750603,1.047428981,0.817180237,1.19395443,0,0.40982291,3.332815448,3.883681838,2.220971298,0,0,0,0.556,4.9435,2.7495,4.7738,2.9766,2.9766,2.9766,2.5355022,0,0,0.063591102,0.541,0,1.426,0.081,0,0,0,0,0
ROUTE5,3/26/2013,8.915969311,0.006168328,0,0.047015675,0,0,0,0,-0.336451605,-0.322922273,0,-0.004750603,0.817872278,1.047428981,0.85767065,0,0.40982291,0,3.332815448,3.883681838,2.220971298,0,0,0.556,0,4.9435,2.7495,0,2.9766,2.9766,0,2.5355022,0,0.063591102,0.541,0,0,0.081,0,0,0,0,0
ROUTE5,4/2/2013,9.054972285,0.013326541,0,0.08080258,0,0,0,0,-0.347393232,-0.322922273,0.010941626,0,0.738348287,0.817872278,0.96843907,0,0.6079365,0,0,3.332815448,3.883681838,2.220971298,0,0.556,1.8322,0,4.9435,0,0,2.9766,1.216531225,0,2.5355022,0.063591102,0.442,6.486,0,0.773,0,0,0,0,0
ROUTE5,4/9/2013,8.929832503,0,0,0.03789879,0,0,0,0,-0.316102355,-0.302573023,0,0,0.863180907,0.738348287,1.04752895,0,0.67735932,3.125597738,0,0,3.332815448,3.883681838,2.220971298,2.2132,4.9435,1.8322,0,3.034,0,0,1.67618516,1.216531225,0,0.105360515,0.399,7.901,1.184,0.665,0,0,0,0,0
ROUTE5,4/16/2013,8.904630097,0,0,0.100969192,0,0,0,0,-0.304820777,-0.291291445,0,0,0.96164164,0.863180907,0.9084987,0,0.67735932,3.162619438,3.125597738,0,0,3.332815448,3.883681838,2.2132,2.5253,4.9435,1.8322,3.034,3.034,0,0,1.67618516,1.216531225,0.114410351,0.399,8.271,0,0.665,0,0,0,0,0
ROUTE5,4/23/2013,8.903135633,0.010076622,0,0.122524585,0,0,0,0,-0.260111037,-0.246581705,0,-0.009049836,1.25678532,0.96164164,1.02926352,0,0.67735932,3.162619438,3.162619438,3.125597738,0,0,3.332815448,2.2132,4.7333,2.5253,4.9435,3.034,3.034,3.034,1.74454094,0,1.67618516,0.114410351,0.399,8.554,1.021,0,0,0,0,0,0
ROUTE5,4/30/2013,8.985946039,0.023609219,0,0.161818727,0,0,0,0,-0.274865059,-0.246581705,0.014754022,0,0.857545221,1.25678532,1.0684381,0,0.64214698,0,3.162619438,3.162619438,3.125597738,0,0,2.2132,2.9308,4.7333,2.5253,0,3.034,3.034,4.02688681,1.74454094,0,0.114410351,0.906,8.533,0,0,0,0,0,0,0
ROUTE5,5/7/2013,8.902183446,0.008462922,0,0.121936182,0,0,0,0,-0.204139008,-0.190609676,0,0,0.9610423,0.857545221,1.1527319,0,0.59318132,0,0,3.162619438,3.162619438,3.125597738,0,1.9389,3.4914,2.9308,4.7333,0,0,3.034,2.53547936,4.02688681,1.74454094,0.114410351,1.331,8.69,1.446,0,0,0,0,0,0
ROUTE5,5/14/2013,8.860073424,0.000153058,0,0.062540411,0,0,0,0,-0.245687741,-0.190609676,0.041548733,-0.00451468,1.076958419,0.9610423,1.26091389,0,0.59318132,3.154995218,0,0,3.162619438,3.162619438,3.125597738,2.3468,4.8876,3.4914,2.9308,3.034,0,0,1.188212316,2.53547936,4.02688681,0.114410351,1.331,9.119,0,0,0,0,0,0,0
ROUTE5,5/21/2013,8.800565992,0,0,0.00372446,0,0,0,0,-0.267346256,-0.190609676,0.063207249,0,1.180822888,1.076958419,1.42411392,0,0.59318132,3.154995218,3.154995218,0,0,3.162619438,3.162619438,2.3468,4.1756,4.8876,3.4914,3.034,3.034,0,2.95524333,1.188212316,2.53547936,0.114410351,1.331,8.852,1.784,0,0,0,0,0,0
ROUTE5,5/28/2013,8.789355452,0,0,0.008968938,0,0,0,0,-0.251613777,-0.190609676,0.047474769,-0.046091107,0.745439192,1.180822888,1.24194541,0,0.59318132,0,3.154995218,3.154995218,0,0,3.162619438,2.255,0,4.1756,4.8876,0,3.034,3.034,3.76845532,2.95524333,1.188212316,0.114410351,1.331,8.912,0,0.032,0,0,0,0,0
ROUTE5,6/4/2013,8.887100204,0,0,0.095095692,0,0,0,0,-0.225655841,-0.190609676,0.021516833,0,0.596111375,0.745439192,1.34957029,0,0.56416793,0,0,3.154995218,3.154995218,0,0,1.4238,3.8547,0,4.1756,0,0,3.034,2.39337993,3.76845532,2.95524333,0.114410351,1.311,7.6,1.822,0.807,0,0,0,0,0
ROUTE5,6/11/2013,8.913146539,0.003098977,0,0.047500775,0,0,0,0,-0.251522407,-0.190609676,0.047383399,-0.00451468,0.541996177,0.596111375,1.39908736,0,0.56416793,0,0,0,3.154995218,3.154995218,0,1.4238,0,3.8547,0,0,0,0,0,2.39337993,3.76845532,0.114410351,1.311,0,0,0.807,0,0,0,0,0
ROUTE5,6/18/2013,8.813289762,0.000609716,0,0.026966546,0,0,0,0,-0.19284907,-0.179319738,0,-0.013605652,0.642925742,0.541996177,1.35359235,0,0.56416793,0.557353058,0,0,0,3.154995218,3.154995218,1.4238,0,0,3.8547,0,0,0,0.965081943,0,2.39337993,0.114410351,1.311,0,1.021,0.115,0,0,0,0,0
ROUTE5,6/25/2013,8.764834214,0,-0.054938817,0,0,0,0,0,-0.276345227,-0.179319738,0.083496157,-0.009049836,1.558969224,0.642925742,1.40720678,0,0.56416793,0.557353058,0.557353058,0,0,0,3.154995218,0.8173,2.0299,0,0,0,0,0,1.67618516,0.965081943,0,0.114410351,1.311,0,0,0,0,0,0,0,0
ROUTE5,7/2/2013,8.680501809,0,-0.102393739,0,0,0,0,0,-0.268086459,-0.179319738,0.075237389,-0.209720531,0.547450736,1.558969224,1.01393687,0,0.45824685,0.586349738,0.557353058,0.557353058,0,0,0,0.8173,0,2.0299,0,0,0,0,3.96048314,1.67618516,0.965081943,0.114410351,0.699,0,0,0,0,0,0,0,0
ROUTE5,7/9/2013,8.966228514,0.003076553,0,0.096741828,0,0,0,0,-0.247921853,-0.179319738,0.055072783,-0.00451468,0.704059214,0.547450736,1.29863722,0,0.41252365,0.586349738,0.586349738,0.557353058,0.557353058,0,0,0.8173,0,0,2.0299,0,0,0,0,3.96048314,1.67618516,0.114410351,0.287,0,2,4.805,0,0,0,0,0
ROUTE5,7/16/2013,8.970050662,0.011601901,0,0.081410185,0,0,0,0,-0.245590208,-0.179319738,0.052741138,0,0.670558544,0.704059214,1.22048774,0,0.41252365,0,0.586349738,0.586349738,0.557353058,0.557353058,0,0.8173,0,0,0,0,0,0,1.77618912,0,3.96048314,0.114410351,0.287,0,0,4.383,0,0,0,0,0
ROUTE5,7/23/2013,8.922524957,0,0,0.003342528,0,0,0,0,-0.309798971,-0.179319738,0.116949901,0,0.64457251,0.670558544,1.19727714,0,0.41252365,0,0,0.586349738,0.586349738,0.557353058,0.557353058,0.4506,0,0,0,0,0,0,1.67685922,1.77618912,0,0.114410351,0.287,0,1.714,4.86,0,0,0,0,0
ROUTE5,7/30/2013,8.951310542,0.008205969,0,0.025830736,0,0,0,0,-0.283694703,-0.179319738,0.090845633,0,0.582198107,0.64457251,1.27164798,0,0.38483896,0,0,0,0.586349738,0.586349738,0.557353058,0.4506,1.3368,0,0,0,0,0,1.59482718,1.67685922,1.77618912,0.114410351,0.245,0,0,0,0,0,0,0,0
ROUTE5,8/6/2013,8.934191535,0,0,0.054110922,0,0,0,0,-0.286905084,-0.179319738,0.094056014,-0.009049836,0.502483717,0.582198107,1.24539634,0,0.31207613,0,0,0,0,0.586349738,0.586349738,0.4506,1.3368,1.3368,0,0,0,0,0,1.59482718,1.67685922,0.114410351,0.133,4.466,2.183,5.842,0,0,0,0,0
ROUTE5,8/13/2013,8.941414628,0.004789009,0,0.067478404,0,0,0,0,-0.24055691,-0.179319738,0.04770784,-0.00451468,0.496300582,0.502483717,1.17916568,0,0.31207613,2.220971298,0,0,0,0,0.586349738,0.4506,0,1.3368,1.3368,2.4018,0,0,0,0,1.59482718,0.114410351,0.133,6.217,0,5.368,0,0,0,0,0
ROUTE5,8/20/2013,8.892473968,0.004318368,0,0.009203068,0,0,0,0,-0.277774662,-0.179319738,0.084925592,0,0.554677506,0.496300582,1.60722688,0,0.31207613,2.220971298,2.220971298,0,0,0,0,0.4506,0,0,1.3368,2.4018,2.4018,0,0,0,0,0.11890474,0.133,5.676,2.29,5.66,0,0,0,0,0
ROUTE5,8/27/2013,8.862766742,0.002852232,-0.001028034,0,0,0,0,0,-0.280347951,-0.179319738,0.087498881,-0.00900907,0.414825551,0.554677506,2.14308087,0,0.31207613,2.220971298,2.220971298,2.220971298,0,0,0,0.4506,1.3368,0,0,2.4018,2.4018,2.4018,3.15119629,0,0,0.11890474,0.133,6.378,0,5.551,0,0,0,0,0
ROUTE5,9/3/2013,8.844912951,0.014199434,0,0.045688041,0,0,0,0,-0.179015058,-0.165485726,0,-0.123968043,1.020396542,0.414825551,1.99908506,0,0.48572018,2.810967148,2.220971298,2.220971298,2.220971298,0,0,0.4506,4.1763,1.3368,0,2.1502,2.4018,2.4018,1.159113251,3.15119629,0,0.11890474,1.207,6.042,2.277,5.775,0,0,0,0,0
ROUTE5,9/10/2013,9.015541294,0.062462427,0,0.072652293,0,0,0,0,-0.169881504,-0.156352172,0,-0.084161792,0.356753311,1.020396542,2.00977847,0,0.51194072,2.895540918,2.810967148,2.220971298,2.220971298,2.220971298,0,0.4506,4.1756,4.1763,1.3368,2.1502,2.1502,2.4018,1.63254399,1.159113251,3.15119629,0.11890474,1.311,5.496,0,6.559,0,0,0,0,0
ROUTE5,9/17/2013,9.014933576,0.080404979,0,0.063754176,0,0,0,0,-0.162684996,-0.149155664,0,-0.079295603,0.616624915,0.356753311,2.20999367,0,0.51194072,3.307234688,2.895540918,2.810967148,2.220971298,2.220971298,2.220971298,2.4705,4.8979,4.1756,4.1763,2.9771,2.1502,2.1502,2.36965325,1.63254399,1.159113251,0.11890474,1.311,8.395,1.549,5.703,0,0,0,0,0
ROUTE5,9/24/2013,8.962391702,0.053612358,0,0.044805529,0,0,0,0,-0.161072473,-0.147543141,0,-0.069633692,0.475571953,0.616624915,2.31298497,0,0.51194072,3.176639248,3.307234688,2.895540918,2.810967148,2.220971298,2.220971298,2.4806,0,4.8979,4.1756,2.9356,2.9771,2.1502,1.63643157,2.36965325,1.63254399,0.11890474,1.311,7.591,0,2.57,0,0,0,0,0
ROUTE5,10/1/2013,8.91798071,0.012508635,0,0.083483618,0,0,0,0,-0.149208185,-0.135678853,0,-0.055313638,0.600419869,0.475571953,2.33334622,0,0.40869303,3.150863478,3.176639248,3.307234688,2.895540918,2.810967148,2.220971298,2.4806,4.0785,0,4.8979,3.0357,2.9356,2.9771,4.18452977,1.63643157,2.36965325,0.11890474,1.297,8.269,0,5.081,0,0,0,0,0
ROUTE5,10/8/2013,8.976009475,0.026794103,0,0.058386803,0,0,0,0,-0.172246122,-0.135678853,0.023037936,-0.036533743,0.452910885,0.600419869,2.27632304,0,0.32359853,2.649008198,3.150863478,3.176639248,3.307234688,2.895540918,2.810967148,2.4806,0,4.0785,0,2.2795,3.0357,2.9356,3.03678315,4.18452977,1.63643157,0.11890474,1.287,9.295,2.049,5.565,0,0,0,0,0
ROUTE5,10/15/2013,8.962263554,0.035403933,0,0.026603446,0,0,0,0,-0.179993202,-0.135678853,0.030785017,-0.031893364,0.446412487,0.452910885,2.32101634,0,0.32359853,3.150863478,2.649008198,3.150863478,3.176639248,3.307234688,2.895540918,1.956,4.6169,0,4.0785,3.0542,2.2795,3.0357,1.74454094,3.03678315,4.18452977,0.11890474,1.287,8.802,0,5.204,0,0,0,0,0
ROUTE5,10/22/2013,8.972210078,0.015160832,0,0.092359065,0,0,0,0,-0.172961851,-0.135678853,0.023753666,-0.041195756,0.942892981,0.446412487,2.44059616,0,0.32359853,3.150863478,3.150863478,2.649008198,3.150863478,3.176639248,3.307234688,1.9389,1.1238,4.6169,0,3.0542,3.0542,2.2795,2.0961435,1.74454094,3.03678315,0.11890474,1.287,8.825,1.549,3.173,0,0,0,0,0
ROUTE5,10/29/2013,8.913011922,0.00451715,0,0.074762361,0,0,0,0,-0.14751204,-0.133982708,0,-0.060064241,1.657481418,0.942892981,2.47821314,0,0.37918223,0,3.150863478,3.150863478,2.649008198,3.150863478,3.176639248,1.9389,4.2218,1.1238,4.6169,0,3.0542,3.0542,3.26708445,2.0961435,1.74454094,0.11890474,1.184,8.901,0,1.677,0,0,0,0,0
ROUTE5,11/5/2013,8.989569005,0,0,0.146186379,0,0,0,0,-0.145857794,-0.132328462,0,-0.013544225,4.214215281,1.657481418,2.4337573,0,0.66014397,0,0,3.150863478,3.150863478,2.649008198,3.150863478,1.9389,4.3804,4.2218,1.1238,0,0,3.0542,0,3.26708445,2.0961435,0.11890474,0.139,9.249,1.426,6.109,0,0,0,0,0
ROUTE5,11/12/2013,8.893023494,0.018756263,0,0.078352658,0,0,0,0,-0.135907867,-0.122378535,0,0,0.921917505,4.214215281,2.38785325,0,0.66014397,0,0,0,3.150863478,3.150863478,2.649008198,0.9785,4.358,4.3804,4.2218,0,0,0,0,0,3.26708445,0.132267968,0.139,8.628,0,4.308,0,0,0,0,0
ROUTE5,11/19/2013,8.776475789,0.053492305,-0.079130037,0,0,0,0,0,-0.116334053,-0.102804721,0,0,0.463812876,0.921917505,2.38984841,0,0.66014397,0,0,0,0,3.150863478,3.150863478,0.9785,2.6011,4.358,4.3804,0,0,0,0,0,0,0.136682986,0.139,9.029,1.641,4.796,0,0,0,0,0
ROUTE5,11/26/2013,8.42485858,0.059086545,-0.313187959,0,0,0,0,0,-0.069100212,-0.05557088,0,-0.058974002,0.215591596,0.463812876,2.27263816,0,0.66014397,0,0,0,0,0,3.150863478,0.9785,2.567,2.6011,4.358,0,0,0,2.22658212,0,0,0.136682986,0.139,8.266,0,5.686,0,0,0,0,0
ROUTE5,12/3/2013,8.833171133,0.047277927,0,0.080699827,0,0,0,0,-0.029107355,-0.05557088,0,0,2.022605775,0.215591596,2.47936407,0,0.35223598,0,0,0,0,0,0,0.9785,0.568,2.567,2.6011,0,0,0,0,2.22658212,0,0.136682986,0.124,8.691,2.377,1.843,0,0,0,0,0
ROUTE5,12/10/2013,8.596558747,0.012297505,-0.126117153,0,0,0,0,0,-0.069119128,-0.055589796,0,-0.004415018,1.336278917,2.022605775,2.38480651,0,0.29025847,0,0,0,0,0,0,0.8543,1.1238,0.568,2.567,0,0,0,0,0,2.22658212,0.136682986,0.122,5.024,0,0.908,0,0,0,0,0
ROUTE5,12/17/2013,8.404472321,0,-0.461412134,0,0,0,0,0,-0.317258171,-0.163000005,0.140728834,0,0.961941176,1.336278917,2.15684555,0,0.29025847,0,0,0,0,0,0,0.8543,0,1.1238,0.568,0,0,0,0,0,0,0.136682986,0.122,4.267,1.659,1.856,0,0,0,0,0
ROUTE5,12/24/2013,7.944846711,0,-0.975862591,0,0,0,0,0,-0.466374907,-0.163000005,0.28984557,-0.105360516,0.637969102,0.961941176,2.30027132,0,0.29025847,0,0,0,0,0,0,0.8543,0,0,1.1238,0,0,0,0,0,0,0.149812278,0.122,5.627,0,1.856,0,0,0,0,0
ROUTE5,12/31/2013,8.392763113,0.027590447,-0.502920295,0,0,0,0,0,-0.238732596,-0.163000005,0.062203259,-0.105360516,0.375770455,0.637969102,2.49804915,0,0.3991529,0,0,0,0,0,0,2.2164,0,0,0,0,0,0,0,0,0,0.149812278,0.072,5.161,0,1.744,0,0,0,0,0
ROUTE5,1/7/2014,8.965462329,0.003394308,0,0.124568825,0,0,0,0,-0.176529337,-0.163000005,0,-0.076787143,0.33960213,0.375770455,2.58705461,0,0.52804428,0,0,0,0,0,0,0.8732,3.4914,0,0,0,0,0,0,0,0,0.149812278,0,4.509,1.549,0.192,0,0,0,0,0
ROUTE5,1/14/2014,8.928640371,0.015533714,0,0.069375516,0,0,0,0,-0.206481391,-0.163000005,0.029952054,-0.086221175,0.131275716,0.33960213,2.48084065,0,0.52804428,0,0,0,0,0,0,0.8732,0,3.4914,0,0,0,0,0,0,0,0.149812278,0,5.636,0,0.192,0,0,0,0,0
ROUTE5,1/21/2014,8.822027323,0.007817939,-0.017048363,0,0,0,0,0,-0.204311133,-0.163000005,0.027781796,-0.11506933,0.658461623,0.131275716,2.26558769,0,0.52804428,0,0,0,0,0,0,0.8732,0,0,3.4914,0,0,0,0,0,0,0.149812278,0,3.968,1.426,0.192,0,0,0,0,0
ROUTE5,1/28/2014,8.818926087,0,0,0.016192164,0,0,0,0,-0.204100404,-0.163000005,0.027571067,-0.090971778,3.770813307,0.658461623,2.25841573,0,0.52804428,0,0,0,0,0,0,0.8732,1.0378,0,0,0,0,0,0,0,0,0.149812278,0,0,0,0.192,0,0,0,0,0
ROUTE5,2/4/2014,8.931684111,0.006357672,0,0.040505113,0,0,0,0,-0.21216015,-0.163000005,0.035630813,-0.100541229,1.903720411,3.770813307,2.34033217,0,0.12622098,0,0,0,0,0,0,0.8732,0,1.0378,0,0,0,0,0,0,0,0.149812278,0.18,2.955,2.248,0.249,0,0,0,0,0
ROUTE5,2/11/2014,8.856233556,0,-0.036885308,0,0,0,0,0,-0.249612037,-0.163000005,0.0730827,-0.081493034,0.627563181,1.903720411,2.49924014,0,0.12622098,0,0,0,0,0,0,0.8732,3.3642,0,1.0378,0,0,0,0,0,0,0.149812278,0.18,2.77,0,6.66,0,0,0,0,0
ROUTE5,2/18/2014,8.925720274,0,0,0.009006587,0,0,0,0,-0.237091504,-0.163000005,0.060562167,-0.072103294,0.564084071,0.627563181,2.38069626,0,0.12622098,0,0,0,0,0,0,0.8732,0,3.3642,0,0,0,0,0,0,0,0.149812278,0.18,2.572,2.034,7.127,0,0,0,0,0
ROUTE5,2/25/2014,9.033245134,0.003166168,0,0.06161783,0,0,0,0,-0.242832616,-0.163000005,0.066303279,-0.030907537,0.346276237,0.564084071,2.54727392,0,0.12622098,0,0,0,0,0,0,0.8732,0,0,3.3642,0,0,0,0,0,0,0.149812278,0.18,0,1.808,7.285,0,0,0,0,0
ROUTE5,3/4/2014,9.040382074,0.003814241,0,0.093153011,0,0,0,0,-0.241620223,-0.163000005,0.065090886,0,0.372535951,0.346276237,2.57449603,0,0,2.588024378,0,0,0,0,0,0.8732,3.026,0,0,0,0,0,0,0,0,0.149812278,1.315,0,0,5.12,0,0,0,0,0
ROUTE5,3/11/2014,8.956479848,0,0,0.073484151,0,0,0,0,-0.19975244,-0.163000005,0.023223103,0,0.455399067,0.372535951,2.52358372,0,0,2.588024378,2.588024378,0,0,0,0,2.3544,3.4914,3.026,0,2.2753,0,0,1.058627126,0,0,0.149812278,1.315,0,0,4.329,0,0,0,0,0
ROUTE5,3/18/2014,8.949235314,0,0,0.059406811,0,0,0,0,-0.162370615,-0.148841283,0,0,0.753956185,0.455399067,2.37135094,1.359143372,0,2.518412068,2.588024378,2.588024378,0,0,0,2.3544,0,3.4914,3.026,2.2753,2.2753,0,2.90229503,1.058627126,0,0.149812278,1.315,0,1.549,2.296,0,0,0,0,0
ROUTE5,3/25/2014,8.910990495,0,0,0.047015675,0,0,0,0,-0.115151631,-0.101622299,0,0,0.673759828,0.753956185,2.45328579,11.56021246,0,0,2.518412068,2.588024378,2.588024378,0,0,2.3544,3.3299,0,3.4914,0,2.2753,2.2753,0,2.90229503,1.058627126,0.149812278,1.315,3.581,0,1.95,0,0,0,0,0
ROUTE5,4/1/2014,8.957252944,0,0,0.08080258,0,0,0,0,-0.113054088,-0.099524756,0,-0.004357305,0.643337688,0.673759828,2.44729945,11.5883973,0.10877986,0,0,2.518412068,2.588024378,2.588024378,0,2.6424,3.026,3.3299,0,0,0,2.2753,3.96250215,0,2.90229503,0.149812278,1.329,0,2.65,0.206,0,0,0,0,0
ROUTE5,4/8/2014,9.000976444,0,0,0.03789879,0,0,0,0,-0.145201487,-0.099524756,0.032147399,0,0.49820716,0.643337688,2.31198325,11.83927083,0.1832416,2.761079338,0,0,2.518412068,2.588024378,2.588024378,2.3476,4.6167,3.026,3.3299,2.3535,0,0,2.19787554,3.96250215,0,0.149812278,1.34,2.302,1.785,0,0,0,0,0,0
ROUTE5,4/15/2014,9.022925868,0.019196219,0,0.100969192,0,0,0,0,-0.087986889,-0.074457557,0,-0.021882711,0.767143189,0.49820716,2.31512138,12.24334589,0.1832416,2.761079338,2.761079338,0,0,2.518412068,2.588024378,2.3152,3.3299,4.6167,3.026,2.3535,2.3535,0,2.66634753,2.19787554,3.96250215,0.15415068,1.34,3.157,0,0,0,0,0,0,0
ROUTE5,4/22/2014,8.953898535,0,0,0.122524585,0,0,0,0,-0.050700068,-0.037170736,0,-0.004338402,0.40441963,0.767143189,2.31148863,12.12475819,0.1832416,2.584232578,2.761079338,2.761079338,0,0,2.518412068,2.3152,0,3.3299,4.6167,2.3535,2.3535,2.3535,1.99034219,2.66634753,2.19787554,0.15415068,1.34,1.874,1.021,0,0,0,0,0,0
ROUTE5,4/29/2014,9.00146948,0,0,0.161818727,0,0,0,0,-0.030454358,-0.016925026,0,0,0.392846644,0.40441963,2.31991946,12.12871864,0.25299211,0.154141905,2.584232578,2.761079338,2.761079338,0,0,2.0206,3.3299,0,3.3299,0,2.3535,2.3535,4.05565635,1.99034219,2.66634753,0.15415068,1.119,3.897,0,0,0,0,0,0,0
ROUTE5,5/6/2014,8.996404301,0.002265981,0,0.121936182,0,0,0,0,-0.021068329,-0.007538997,0,0,0.368749093,0.392846644,1.84745405,12.38021171,0.40865636,2.584232578,0.154141905,2.584232578,2.761079338,2.761079338,0,1.3564,4.8996,3.3299,0,2.3549,0,2.3535,3.12348073,4.05565635,1.99034219,0.15415068,0.163,2.583,3.052,0.057,0,0,0,0,0
ROUTE5,5/13/2014,9.056023012,0.011108519,0,0.062540411,0,0,0,0,-0.113875921,-0.007538997,0.092807592,-0.008695707,0.207982174,0.368749093,0.88521652,12.48489672,0.40865636,2.584232578,2.584232578,0.154141905,2.584232578,2.761079338,2.761079338,1.2018,3.5303,4.8996,3.3299,2.4017,2.3549,0,2.1206951,3.12348073,4.05565635,0.15415068,0.163,3.441,1.957,0.057,0,0,0,0,0
ROUTE5,5/20/2014,8.95776801,0.007512384,0,0.00372446,0,0,0,0,-0.1227499,-0.007538997,0.101681571,0,0.71178126,0.207982174,0.81272508,12.35922543,0.40865636,0.154141905,2.584232578,2.584232578,0.154141905,2.584232578,2.761079338,1.2018,2.246,3.5303,4.8996,0,2.4017,2.3549,1.65119663,2.1206951,3.12348073,0.15415068,0.163,0,0,0.057,0,0,0,0,0
ROUTE5,5/27/2014,8.873047799,0,0,0.008968938,0,0,0,0,-0.049949702,-0.007538997,0.028881373,-0.022272636,0.448916871,0.71178126,0.66062679,12.41702027,0.40865636,0.154141905,0.154141905,2.584232578,2.584232578,0.154141905,2.584232578,1.0509,2.6846,2.246,3.5303,0,0,2.4017,2.86723259,1.65119663,2.1206951,0.136682986,0.163,2.554,0,0.057,0,0,0,0,0
ROUTE5,6/3/2014,8.975883061,0.0121854,0,0.095095692,0,0,0,0,-0.038665153,-0.007538997,0.017596824,0,0.413789818,0.448916871,0.59945944,12.51089624,0.5174301,0,0.154141905,0.154141905,2.584232578,2.584232578,0.154141905,1.0509,1.9355,2.6846,2.246,0,0,0,0,2.86723259,1.65119663,0.136682986,0.304,0,3.056,0.153,0,0,0,0,0
ROUTE5,6/10/2014,8.961366061,0.040995996,0,0.047500775,0,0,0,0,-0.019859402,-0.007538997,0,-0.008888947,0.364403621,0.413789818,1.70921874,12.45816788,0.53446201,0,0,0.154141905,0.154141905,2.584232578,2.584232578,1.0509,2.1557,1.9355,2.6846,0,0,0,3.2795683,0,2.86723259,0.132267968,0.326,0,0,6.238,0,0,0,0,0
ROUTE5,6/17/2014,9.019421968,0.062941299,0,0.026966546,0,0,0,0,-0.09026962,-0.052890598,0.02384969,-0.004434597,0.520341334,0.364403621,2.52798124,12.77823471,0.53446201,0,0,0,0.154141905,0.154141905,2.584232578,1.0509,1.7743,2.1557,1.9355,0,0,0,1.71649327,3.2795683,0,0.132267968,0.326,0,0,6.006,0,0,0,0,0
ROUTE5,6/24/2014,8.896177422,0.060997283,-0.054938817,0,0,0,0,0,-0.072017459,-0.052890598,0.005597529,-0.004434597,0.450416496,0.520341334,2.60226501,10.75301481,0.53446201,0,0,0,0,0.154141905,0.154141905,0.8732,1.9908,1.7743,2.1557,0,0,0,0,1.71649327,3.2795683,0.132267968,0.326,0,0,5.991,0,0,0,0,0
ROUTE5,7/1/2014,8.773074951,0.048819829,-0.102393739,0,0,0,0,0,-0.101276016,-0.052890598,0.034856086,-0.112267302,0.459862253,0.450416496,2.49783897,3.404762448,0.42455433,0,0,0,0,0,0.154141905,0.8732,0.2718,1.9908,1.7743,0,0,0,2.43411809,0,1.71649327,0.132267968,0.592,0,0,5.92,0,0,0,0,0
ROUTE5,7/8/2014,9.021719013,0.057768993,0,0.096741828,0,0,0,0,-0.06641993,-0.052890598,0,-0.004434597,0.542451862,0.459862253,2.62498927,2.929287174,0.33339115,0,0,0,0,0,0,0.8732,0.8074,0.2718,1.9908,0,0,0,0,2.43411809,0,0.132267968,0.754,0,2.691,6.448,0,0,0,0,0
ROUTE5,7/15/2014,9.002947131,0.056999263,0,0.081410185,0,0,0,0,-0.084786363,-0.060139495,0.011117537,-0.004434597,0.442392381,0.542451862,2.29748891,2.327277706,0.33339115,0,0,0,0,0,0,0.8732,1.7743,0.8074,0.2718,0,0,0,0,0,2.43411809,0.132267968,0.754,0,0,6.388,0,0,0,0,0
ROUTE5,7/22/2014,8.933004592,0.063201883,0,0.003342528,0,0,0,0,-0.073668827,-0.060139495,0,-0.008888947,0.306123826,0.442392381,2.01138986,2.269914311,0.33339115,0,0,0,0,0,0,0.8732,1.9908,1.7743,0.8074,0,0,0,0,0,0,0.132267968,0.754,0,0,5.217,0,0,0,0,0
ROUTE5,7/29/2014,8.947415951,0.059299031,0,0.025830736,0,0,0,0,-0.092422576,-0.064850115,0.014043129,-0.004434597,0.471178487,0.306123826,2.68208822,9.03577012,0.32283191,0,0,0,0,0,0,0.8732,0,1.9908,1.7743,0,0,0,1.84589159,0,0,0.132267968,0.688,0,0,0,0,0,0,0,0
ROUTE5,8/5/2014,8.979164649,0.056264195,0,0.054110922,0,0,0,0,-0.078379447,-0.064850115,0,-0.004434597,0.500585282,0.471178487,2.57556511,8.8983217,0.25702209,0.287666617,0,0,0,0,0,0.8732,0.2718,0,1.9908,0,0,0,1.71649327,1.84589159,0,0.132267968,0.163,0,2.304,0,0,0,0,0,0
ROUTE5,8/12/2014,8.994296558,0.034538154,0,0.067478404,0,0,0,0,-0.124071124,-0.089005886,0.021535905,-0.008888947,0.334006144,0.500585282,2.55857492,9.50235945,0.25702209,0.287666617,0.287666617,0,0,0,0,0.8732,4.2624,0.2718,0,0,0,0,0,1.71649327,1.84589159,0.132267968,0.163,0,0.693,0,0,0,0,0,0
ROUTE5,8/19/2014,8.939056445,0.031054227,0,0.009203068,0,0,0,0,-0.140321794,-0.089005886,0.037786576,0,1.213721371,0.334006144,2.63998575,7.91281537,0.25702209,0.287666617,0.287666617,0.287666617,0,0,0,0.8732,2.5505,4.2624,0.2718,0,0,0,1.041475518,0,1.71649327,0.132267968,0.163,0,0,0,0,0,0,0,0
ROUTE5,8/26/2014,8.866581653,0,-0.001028034,0,0,0,0,0,-0.135805363,-0.089005886,0.033270145,0,0.567200031,1.213721371,2.59587773,2.351375257,0.25702209,0.287666617,0.287666617,0.287666617,0.287666617,0,0,0.8732,0,2.5505,4.2624,0,0,0,2.90286865,1.041475518,0,0.127833371,0.163,0,0,3.025,0,0,0,0,0
ROUTE5,9/2/2014,8.923324744,0,0,0.045688041,0,0,0,0,-0.104708592,-0.089005886,0.002173374,-0.050353886,0.437344414,0.567200031,2.56297996,2.169053701,0.15005948,0.287666518,0.287666617,0.287666617,0.287666617,0.287666617,0,0.8732,0.2718,0,2.5505,0,0,0,3.70326669,2.90286865,1.041475518,0.123379021,1.66,0,0,5.847,0,0,0,0,0
ROUTE5,9/9/2014,8.967631665,0,0,0.072652293,0,0,0,0,-0.138180958,-0.089005886,0.03564574,0,0.223143551,0.437344414,2.57487779,11.79696009,0.10385107,0.287666518,0.287666518,0.287666617,0.287666617,0.287666617,0.287666617,0.8732,1.8322,0.2718,0,0,0,0,0,3.70326669,2.90286865,0.123379021,1.93,0,3.105,6.484,0,0,0,0,0
ROUTE5,9/16/2014,8.871505346,0,0,0.063754176,0,0,0,0,-0.129585866,-0.089005886,0.027050647,-0.01348335,0.195169699,0.223143551,2.58665212,12.67047535,0.10385107,0.287666518,0.287666518,0.287666518,0.287666617,0.287666617,0.287666617,1.6051,3.4071,1.8322,0.2718,0,0,0,1.70542219,0,3.70326669,0.123379021,1.93,0,0,5.209,0,0,0,0,0
ROUTE5,9/23/2014,8.846784667,0,0,0.044805529,0,0,0,0,-0.111491482,-0.089005886,0.008956264,-0.00896867,0.856214549,0.195169699,2.56023616,12.91851935,0.10385107,0,0.287666518,0.287666518,0.287666518,0.287666617,0.287666617,1.701,3.5214,3.4071,1.8322,0,0,0,2.60674349,1.70542219,0,0.123379021,1.93,0,0,1.159,0,0,0,0,0
ROUTE5,9/30/2014,8.879889968,0,0,0.083483618,0,0,0,0,-0.102535218,-0.089005886,0,0,0.39496081,0.856214549,2.54104531,12.88776799,0.22579185,0,0,0.287666518,0.287666518,0.287666518,0.287666617,1.701,3.3326,3.5214,3.4071,0.4107,0,0,3.38742015,2.60674349,1.70542219,0.123379021,1.694,0,0,6.288,0,0,0,0,0
ROUTE5,10/7/2014,8.871926251,0,0,0.058386803,0,0,0,0,-0.133367626,-0.089005886,0.030832408,0,0.399175779,0.39496081,2.39767781,12.99782789,0.368216,0,0,0,0.287666518,0.287666518,0.287666518,1.701,4.8296,3.3326,3.5214,0.4107,0.4107,0,3.16931416,3.38742015,2.60674349,0.123379021,1.255,0,3.135,6.404,0,0,0,0,0
ROUTE5,10/14/2014,8.829519095,0.00550017,0,0.026603446,0,0,0,0,-0.110336884,-0.089005886,0.007801666,0,0.377920994,0.399175779,2.30595123,13.01822917,0.368216,0,0,0,0,0.287666518,0.287666518,1.5176,3.6013,4.8296,3.3326,0,0.4107,0.4107,1.65439246,3.16931416,3.38742015,0.123379021,1.255,0,1.994,6.115,0,0,0,0,0
ROUTE5,10/21/2014,8.840580188,0,0,0.092359065,0,0,0,0,-0.10933589,-0.089005886,0.006800672,0,0.551522219,0.377920994,2.25499034,12.74432762,0.368216,0,0,0,0,0,0.287666518,2.1332,4.7402,3.6013,4.8296,0,0,0.4107,2.2468763,1.65439246,3.16931416,0.123379021,1.255,0,0.947,6.129,0,0,0,0,0
ROUTE5,10/28/2014,8.874727766,0,0,0.074762361,0,0,0,0,-0.143697969,-0.089005886,0.041162751,-0.027150989,0.410676167,0.551522219,1.97641413,13.11517295,0.368216,0,0,0,0,0,0,2.1332,3.5648,4.7402,3.6013,0.0053,0,0,4.03223379,2.2468763,1.65439246,0.123379021,1.255,0,0.947,5.756,0,0,0,0,0
ROUTE5,11/4/2014,8.954156967,0.019207474,0,0.146186379,0,0,0,0,-0.110375075,-0.089005886,0.007839857,-0.00896867,0.515672791,0.410676167,1.99876839,13.06332634,0.32076459,0,0,0,0,0,0,2.1473,4.2434,3.5648,4.7402,0.0053,0.0053,0,0,4.03223379,2.2468763,0.123379021,0.602,0,3.814,5.855,0,0,0,0,0
ROUTE5,11/11/2014,8.899730795,0.029507199,0,0.078352658,0,0,0,0,-0.117193067,-0.089005886,0.014657849,0,0.378457907,0.515672791,2.01691448,11.29165471,0.32076459,0,0,0,0,0,0,2.1473,3.7488,4.2434,3.5648,1.7145,0.0053,0.0053,2.90407811,0,4.03223379,0.123379021,0.602,0,0,6.429,0,0,0,0,0
ROUTE5,11/18/2014,8.728749873,0.005338759,-0.079130037,0,0,0,0,0,-0.166771452,-0.089005886,0.064236234,0,0.405987438,0.378457907,2.00015172,11.26464495,0.32076459,0,0,0,0,0,0,2.1473,4.4021,3.7488,4.2434,1.5148,1.7145,0.0053,0.637743944,2.90407811,0,0.123379021,0.602,0,0,6.03,0,0,0,0,0
ROUTE5,11/25/2014,8.415824697,0,-0.313187959,0,0,0,0,0,-0.133139361,-0.089005886,0.030604142,-0.093526058,0.927512795,0.405987438,1.57716765,9.35615847,0.32076459,0,0,0,0,0,0,2.1473,0.9732,4.4021,3.7488,1.5148,1.5148,1.7145,1.139459387,0.637743944,2.90407811,0.123379021,0.602,0,0,1.571,0,0,0,0,0
ROUTE5,12/2/2014,8.809116258,0,0,0.080699827,0,0,0,0,-0.013529332,0,0,0,0.562745681,0.927512795,1.90634667,2.404367787,0.4166349,0,0,0,0,0,0,2.1473,0.912,0.9732,4.4021,1.5148,1.5148,1.5148,2.78835584,1.139459387,0.637743944,0.141078598,0.305,0,0,1.272,0,0,0,0,0
ROUTE5,12/9/2014,8.661812881,0.02375267,-0.126117153,0,0,0,0,0,0,0,0,-0.026668247,1.533592237,0.562745681,2.11420239,2.255044148,0.45254945,0,0,0,0,0,0,1.931,0.9732,0.912,0.9732,0,1.5148,1.5148,0,2.78835584,1.139459387,0.141078598,0.157,0,3.349,1.004,0,0,0,0,0
ROUTE5,12/16/2014,8.475537516,0.038284769,-0.461412134,0,0,0,0,0,-0.221325691,-0.049944283,0.157852077,0,1.355051147,1.533592237,1.53705639,1.779783278,0.45254945,0,0,0,0,0,0,1.1038,0,0.9732,0.912,0,0,1.5148,0,0,2.78835584,0.141078598,0.157,0,0,1.24,0,0,0,0,0
ROUTE5,12/23/2014,7.989560449,0.037490544,-0.975862591,0,0,0,0,0,-0.34283219,-0.049944283,0.279358576,-0.022574322,0.759471919,1.355051147,1.83962428,1.61655538,0.45254945,0,0,0,0,0,0,1.1038,2.2993,0,0.9732,0,0,0,0,0,0,0.123379021,0.157,0,0,2.284,0,0,0,0,0
ROUTE5,12/30/2014,8.314587291,0.009735657,-0.502920295,0,0,0,0,0,-0.202751081,-0.049944283,0.139277466,-0.022574322,0.457385165,0.759471919,0,0,0.43694067,0,0,0,0,0,0,1.1038,0,2.2993,0,0,0,0,0,0,0,0.123379021,0.115,0,1.032,1.2,0,0,0,0,0
ROUTE5,1/6/2015,9.008346579,0.035378613,0,0.124568825,0,0,0,0,-0.095552785,-0.049944283,0.03207917,-0.0693118,0.252793654,0.457385165,1.83925129,0,0.39681834,0,0,0,0,0,0,1.1022,0.9732,0,2.2993,0,0,0,0,0,0,0.123379021,0.003,0,2.056,0.793,0,0,0,0,0
ROUTE5,1/13/2015,8.938006576,0.026572068,0,0.069375516,0,0,0,0,-0.129369246,-0.049944283,0.065895632,-0.045670037,0.549262331,0.252793654,1.78929447,0,0.39681834,0,0,0,0,0,0,1.1022,0.1009,0.9732,0,0,0,0,0,0,0,0.123379021,0.003,0,0,0.793,0,0,0,0,0
ROUTE5,1/20/2015,8.839276691,0.036711303,-0.017048363,0,0,0,0,0,-0.088169992,-0.049944283,0.024696378,-0.055059777,0.547450736,0.549262331,2.50061943,0,0.39681834,0,0,0,0,0,0,1.1022,0.9732,0.1009,0.9732,0,0,0,0,0,0,0.123379021,0.003,0,0,0.793,0,0,0,0,0
ROUTE5,1/27/2015,8.911664758,0.047500044,0,0.016192164,0,0,0,0,-0.113889811,-0.049944283,0.050416197,-0.055059777,0.293932093,0.547450736,2.17154851,0,0.39681834,0,0,0,0,0,0,1.1022,0,0.9732,0.1009,0,0,0,0,0,0,0.123379021,0.003,0,0,2.613,0,0,0,0,0
ROUTE5,2/3/2015,8.997270906,0.042088213,0,0.040505113,0,0,0,0,-0.195487141,-0.049944283,0.132013527,-0.045670037,0.129211731,0.293932093,2.3443421,0,0.51505446,0,0,0,0,0,0,1.1022,0,0,0.9732,0,0,0,0,0,0,0.123379021,0.24,0,0,2.71,0,0,0,0,0
ROUTE5,2/10/2015,8.951958169,0.051285984,-0.036885308,0,0,0,0,0,-0.182572875,-0.049944283,0.119099261,-0.064538521,0.116737557,0.129211731,1.97070744,0,0.53346949,0,0,0,0,0,0,1.1022,3.4914,0,0,0,0,0,0,0,0,0.123379021,0.274,0,0,0,0,0,0,0,0
ROUTE5,2/17/2015,8.840580188,0.012928786,0,0.009006587,0,0,0,0,-0.063473615,-0.049944283,0,-0.036367644,0.182190932,0.116737557,2.07172138,11.22346562,0.53346949,0,0,0,0,0,0,1.1022,0,3.4914,0,0,0,0,0,0,0,0.123379021,0.274,0,0,0,0,0,0,0,0
ROUTE5,2/24/2015,8.909100135,0,0,0.06161783,0,0,0,0,-0.085029572,-0.049944283,0.021555958,-0.027150989,0.184148518,0.182190932,2.21909324,12.03940246,0.53346949,0,0,0,0,0,0,1.2995,0,0,3.4914,0,0,0,1.75586224,0,0,0.123379021,0.274,0,0,0,0,0,0,0,0
ROUTE5,3/3/2015,9.005650499,0.005420049,0,0.093153011,0,0,0,0,-0.102239529,-0.049944283,0.038765915,0,1.24444364,0.184148518,1.71565347,12.35406753,0.43364512,0,0,0,0,0,0,1.5453,0,0,0,2.2279,0,0,0,1.75586224,0,0.123379021,0.188,0,0,0,0,0,0,0,0
ROUTE5,3/10/2015,8.92651751,0.007417926,0,0.073484151,0,0,0,0,-0.067522663,-0.049944283,0.004049048,0,0.807441029,1.24444364,1.58235348,12.09141748,0.41599411,0,0,0,0,0,0,1.6403,0,0,0,2.2279,2.2279,0,1.247191961,0,1.75586224,0.123379021,0.173,0,0,4.719,0,0,0,0,0
ROUTE5,3/17/2015,8.892061626,0.003556691,0,0.059406811,0,0,0,0,-0.038936331,-0.025406999,0,0,0.827510907,0.807441029,2.10583764,12.39884933,0.41599411,0,0,0,0,0,0,1.505,2.1935,0,0,0,2.2279,2.2279,3.23553567,1.247191961,0,0.123379021,0.173,0,0,5.369,0,0,0,0,0
ROUTE5,3/24/2015,8.882114044,0,0,0.047015675,0,0,0,0,-0.056318236,-0.025406999,0.017381904,0,0.230638902,0.827510907,1.56257776,12.56088623,0.41599411,0,0,0,0,0,0,1.382,3.6541,2.1935,0,0,0,2.2279,1.86419408,3.23553567,1.247191961,0.123379021,0.173,0,0,0,0,0,0,0,0
ROUTE5,3/31/2015,8.899867211,0,0,0.08080258,0,0,0,0,-0.111562103,-0.025406999,0.072625772,-0.027150989,0.675755438,0.230638902,2.05999792,12.55960754,0.48978829,0,0,0,0,0,0,1.6246,4.2244,3.6541,2.1935,2.186,0,0,3.51197626,1.86419408,3.23553567,0.123379021,0.827,0,0,0,0,0,0,0,0
ROUTE5,4/7/2015,8.887928819,0.009156013,0,0.03789879,0,0,0,0,-0.106687867,-0.025406999,0.067751535,0,0.859206075,0.675755438,2.02946136,12.51249665,0.58040523,0,0,0,0,0,0,1.7347,2.001,4.2244,3.6541,2.186,2.186,0,1.247191961,3.51197626,1.86419408,0.123379021,1.321,0,0,0,0,0,0,0,0
ROUTE5,4/14/2015,8.948196083,0.028805774,0,0.100969192,0,0,0,0,-0.048944635,-0.025406999,0.010008303,0,0.491518172,0.859206075,1.94919993,12.54180851,0.58040523,0,0,0,0,0,0,1.9176,0,2.001,4.2244,0,2.186,2.186,2.0723814,1.247191961,3.51197626,0.141078598,1.321,0,0,5,0,0,0,0,0
ROUTE5,4/21/2015,8.960082528,0.037951088,0,0.122524585,0,0,0,0,-0.021866991,-0.008337659,0,-0.00881063,0.290421264,0.491518172,1.98136017,12.62628678,0.58040523,0,0,0,0,0,0,1.9176,4.3271,0,2.001,0,0,2.186,1.83742266,2.0723814,1.247191961,0.141078598,1.321,0,0,5.251,0,0,0,0,0
ROUTE5,4/28/2015,8.930494185,0.021291198,0,0.161818727,0,0,0,0,-0.021906226,-0.008337659,3.92E-05,-0.004395611,0.270888237,0.290421264,1.76907405,12.68772601,0.5414796,0,0,0,0,0,0,1.9967,0,4.3271,0,2.186,0,0,4.45796044,1.83742266,2.0723814,0.141078598,1.317,0,0,5.387,0,0,0,0,0
ROUTE5,5/5/2015,8.932476608,0.023260657,0,0.121936182,0,0,0,0,-0.042030442,-0.008337659,0.020163451,-0.00881063,0.290421264,0.270888237,1.5398262,12.56617571,0.26946225,0,0,0,0,0,0,1.9345,2.001,0,4.3271,2.186,2.186,0,0,4.45796044,1.83742266,0.141078598,1.289,0,0,5.544,0,0,0,0,0
ROUTE5,5/12/2015,8.900003609,0.024717224,0,0.062540411,0,0,0,0,-0.043830347,-0.008337659,0.021963355,-0.004395611,0.218745178,0.290421264,1.50476439,12.60156918,0.26946225,0,0,0,0,0,0,1.9345,4.2244,2.001,0,0,2.186,2.186,2.29400587,0,4.45796044,0.141078598,1.289,0,0,5.455,0,0,0,0,0
ROUTE5,5/19/2015,8.879472402,0.032082223,0,0.00372446,0,0,0,0,-0.086234104,-0.008337659,0.064367113,-0.004395611,4.871235094,0.218745178,1.46945425,12.57291052,0.26946225,0,0,0,0,0,0,1.5416,0,4.2244,2.001,0,0,2.186,1.247191961,2.29400587,0,0.141078598,1.289,0,0,5.649,0,0,0,0,0
ROUTE5,5/26/2015,8.849083519,0.02219348,0,0.008968938,0,0,0,0,-0.077159769,-0.008337659,0.055292778,-0.035718083,5.314417469,4.871235094,1.70960588,12.65717806,0.26946225,0,0,0,0,0,0,1.5416,0,0,4.2244,2.186,0,0,0,1.247191961,2.29400587,0.141078598,1.289,0,0,5.185,0,0,0,0,0
ROUTE5,6/2/2015,8.923591198,0.003487559,0,0.095095692,0,0,0,0,-0.073042412,-0.008337659,0.05117542,-0.026668247,3.836363312,5.314417469,1.59151648,12.58700596,0.39025345,0,0,0,0,0,0,1.3949,0,0,0,2.186,2.186,0,4.24918229,0,1.247191961,0.141078598,0.649,0,0,5.443,0,0,0,0,0
ROUTE5,6/9/2015,8.787678239,0,0,0.047500775,0,0,0,0,-0.008706112,-0.008337659,0,-0.004395611,1.55962842,3.836363312,2.72131178,12.73610051,0.43476055,0.154141905,0,0,0,0,0,1.6248,4.2244,0,0,0,2.186,2.186,2.9502053,4.24918229,0,0.141078598,0.205,0,0,5.64,0,0,0,0,0
ROUTE5,6/16/2015,8.779557456,0,0,0.026966546,0,0,0,0,-0.036794687,-0.023265355,0,-0.00881063,1.479036413,1.55962842,2.8743574,12.13300894,0.43476055,0.154141905,0.154141905,0,0,0,0,1.8396,0,4.2244,0,0,0,2.186,3.56966358,2.9502053,4.24918229,0.141078598,0.205,0,0,4.931,0,0,0,0,0
ROUTE5,6/23/2015,8.749415407,0.005304142,-0.054938817,0,0,0,0,0,-0.0860034,-0.072474068,0,0,1.27578302,1.479036413,2.89031151,4.658372372,0.43476055,0.154141905,0.154141905,0.154141905,0,0,0,1.7642,0,0,4.2244,0,0,0,2.23530532,3.56966358,2.9502053,0.141078598,0.205,0,0,5.431,0,0,0,0,0
ROUTE5,6/30/2015,8.68270763,0.002199409,-0.102393739,0,0,0,0,0,-0.106235644,-0.092706312,0,-0.058974002,1.02827503,1.27578302,2.84657043,3.765344341,0.57382335,0.154141905,0.154141905,0.154141905,0.154141905,0,0,1.7642,0,0,0,0,0,0,2.67593846,2.23530532,3.56966358,0.136682986,0.192,0,0,5.407,0,0,0,0,0
ROUTE5,7/7/2015,8.901502757,0,0,0.096741828,0,0,0,0,-0.114624523,-0.101095191,0,0,1.098089686,1.02827503,2.91493807,3.509410966,0.73347501,0.154141905,0.154141905,0.154141905,0.154141905,0.154141905,0,1.5674,0,0,0,0,0,0,0,2.67593846,2.23530532,0.136682986,0.173,0,0,5.973,0,0,0,0,0
ROUTE5,7/14/2015,8.838986793,0,0,0.081410185,0,0,0,0,-0.044505974,-0.030976642,0,-0.004395611,1.143064051,1.098089686,2.84549084,6.97143406,0.73347501,0.154141905,0.154141905,0.154141905,0.154141905,0.154141905,0.154141905,1.2229,3.2593,0,0,0,0,0,0,0,2.67593846,0.141078598,0.173,0,0,5.684,0,0,0,0,0
ROUTE5,7/21/2015,8.804175019,0.007700218,0,0.003342528,0,0,0,0,-0.074471754,-0.030976642,0.02996578,-0.004395611,1.263675002,1.143064051,2.73056443,8.21563433,0.73347501,0.154141905,0.154141905,0.154141905,0.154141905,0.154141905,0.154141905,1.0957,0,3.2593,0,0,0,0,0,0,0,0.141078598,0.173,0,0,0,0,0,0,0,0
ROUTE5,7/28/2015,8.801168402,0,0,0.025830736,0,0,0,0,-0.075337604,-0.030976642,0.03083163,-0.00881063,1.154245681,1.263675002,2.50965051,2.78147767,0.73347501,0.154141905,0.154141905,0.154141905,0.154141905,0.154141905,0.154141905,1.0957,0,0,3.2593,0,0,0,0,0,0,0.141078598,0.173,0,0,0,0,0,0,0,0
ROUTE5,8/4/2015,8.880029117,0.009456593,0,0.054110922,0,0,0,0,-0.108438607,-0.030976642,0.063932633,0,2.011658473,1.154245681,2.56859233,2.48490665,0.44421663,0.287666617,0.154141905,0.154141905,0.154141905,0.154141905,0.154141905,1.0957,0,0,0,0,0,0,0,0,0,0.141078598,0.906,0,0,0,0,0,0,0,0
ROUTE5,8/11/2015,8.882391706,0,0,0.067478404,0,0,0,0,-0.125131657,-0.030976642,0.080625683,0,1.374469233,2.011658473,2.42713152,2.934996039,0.44421663,0.287666617,0.287666617,0.154141905,0.154141905,0.154141905,0.154141905,1.4073,2.001,0,0,0,0,0,0,0,0,0.141078598,0.906,0,0,2.675,0,0,0,0,0
ROUTE5,8/18/2015,8.843470782,0,0,0.009203068,0,0,0,0,-0.145963616,-0.030976642,0.101457642,0,1.623291352,1.374469233,2.05984706,2.799021979,0.44421663,0.287666617,0.287666617,0.287666617,0.154141905,0.154141905,0.154141905,1.4073,0,2.001,0,0,0,0,0,0,0,0.141078598,0.906,0,0,3.378,0,0,0,0,0
ROUTE5,8/25/2015,8.881280595,0.005779687,-0.001028034,0,0,0,0,0,-0.155433339,-0.030976642,0.110927365,-0.004434597,1.047153991,1.623291352,1.9977775,3.160035325,0.44421663,0.287666617,0.287666617,0.287666617,0.287666617,0.154141905,0.154141905,1.4073,2.001,0,2.001,0,0,0,1.44580024,0,0,0.132267968,0.906,0,0,3.378,0,0,0,0,0
ROUTE5,9/1/2015,8.882808055,0.014501967,0,0.045688041,0,0,0,0,-0.103535215,-0.030976642,0.059029241,-0.017857617,1.038314155,1.047153991,1.97340141,2.567692844,0.50297001,0,0.287666617,0.287666617,0.287666617,0.287666617,0.154141905,1.4073,0,2.001,0,0,0,0,1.101580121,1.44580024,0,0.132267968,1.535,0,0,3.378,0,0,0,0,0
ROUTE5,9/8/2015,8.848365695,0,0,0.072652293,0,0,0,0,-0.081858212,-0.030976642,0.037352238,-0.013363228,0.861526646,1.038314155,1.39034554,2.499677967,0.54487512,0,0,0.287666617,0.287666617,0.287666617,0.287666617,1.4352,3.2593,0,2.001,0,0,0,0,1.101580121,1.44580024,0.132267968,1.836,0,0,3.347,0,0,0,0,0
ROUTE5,9/15/2015,8.829372735,0,0,0.063754176,0,0,0,0,-0.002134187,-0.030976642,0,0,0.680131812,0.861526646,1.19395743,5.775992388,0.54487512,0,0,0,0.287666617,0.287666617,0.287666617,1.9163,2.001,3.2593,0,0,0,0,0,0,1.101580121,0.132267968,1.836,0,0,1.53,0,0,0,0,0
ROUTE5,9/22/2015,8.931948346,0.021594988,0,0.044805529,0,0,0,0,-0.100347534,-0.086818202,0,0,1.379807852,0.680131812,0.83512924,2.921624302,0.54487512,0,0,0,0,0.287666617,0.287666617,1.9163,0,2.001,3.2593,0,0,0,2.65039381,0,0,0.132267968,1.836,0,0,1.53,0,0,0,0,0
ROUTE5,9/29/2015,9.207135241,0.073640777,0,0.083483618,0,0,0,0,-0.252515315,-0.122587344,0.116398639,-0.008888947,1.212323421,1.379807852,1.22648574,2.448539006,0.46312434,0,0,0,0,0,0.287666617,1.9163,2.001,0,2.001,1.9419,0,0,3.18346882,2.65039381,0,0.132267968,1.572,0,0.993,5.722,0,0,0,0,0
ROUTE5,10/6/2015,9.115260166,0.066387055,0,0.058386803,0,0,0,0,-0.222656686,-0.122587344,0.086540011,-0.004434597,1.011600912,1.212323421,1.39219701,1.961100315,0.22364389,0,0,0,0,0,0,1.9163,4.6725,2.001,0,1.9419,1.9419,0,2.13892281,3.18346882,2.65039381,0.132267968,0.173,0,0,5.849,0,0,0,0,0
ROUTE5,10/13/2015,9.027258526,0.05155908,0,0.026603446,0,0,0,0,-0.202458486,-0.122587344,0.06634181,-0.008888947,0.909370289,1.011600912,0.62620604,2.951929651,0.22364389,0,0,0,0,0,0,1.6788,4.3271,4.6725,2.001,2.6847,1.9419,1.9419,0,2.13892281,3.18346882,0.132267968,0.173,0,0,5.976,0,0,0,0,0
ROUTE5,10/20/2015,9.146335042,0.080749293,0,0.092359065,0,0,0,0,-0.227217869,-0.122587344,0.091101194,-0.008888947,1.045777908,0.909370289,0.30435554,2.864239618,0.22364389,0,0,0,0,0,0,1.9021,0,4.3271,4.6725,2.6847,2.6847,1.9419,2.78570703,0,2.13892281,0.132267968,0.173,0,0.993,6.485,0,0,0,0,0
ROUTE5,10/27/2015,9.075093223,0.078644669,0,0.074762361,0,0,0,0,-0.212168916,-0.122587344,0.07605224,-0.017857617,0.653989161,1.045777908,0.86739419,2.273597556,0.22364389,0,0,0,0,0,0,2.1117,2.867,0,4.3271,2.0388,2.6847,2.6847,4.39729064,2.78570703,0,0.132267968,0.173,0,0,6.075,0,0,0,0,0
ROUTE5,11/3/2015,9.133027269,0.067747852,0,0.146186379,0,0,0,0,-0.183213707,-0.122587344,0.047097031,-0.008888947,0.613235081,0.653989161,1.31835597,11.6114616,0.07785942,0,0,0,0,0,0,1.9535,0.912,2.867,0,2.0388,2.0388,2.6847,0,4.39729064,2.78570703,0.132267968,0.559,0,0,6.368,0,0,0,0,0
ROUTE5,11/10/2015,9.06912237,0.042772745,0,0.078352658,0,0,0,0,-0.257864298,-0.122587344,0.121747622,-0.008888947,0.928751952,0.613235081,1.08308004,11.46044048,0.05135342,0,0,0,0,0,0,1.7741,0,0.912,2.867,2.0388,2.0388,2.0388,2.13892281,0,4.39729064,0.132267968,0.611,0,0,6.245,0,0,0,0,0
ROUTE5,11/17/2015,8.92172453,0.035376678,-0.079130037,0,0,0,0,0,-0.271791318,-0.122587344,0.135674642,-0.008888947,0.799016971,0.928751952,0.66667311,10.98130719,0.05135342,0,0,0,0,0,0,1.5161,2.682,0,0.912,2.0388,2.0388,2.0388,1.247191961,2.13892281,0,0.132267968,0.611,0,0,5.858,0,0,0,0,0
ROUTE5,11/24/2015,8.582231588,0.037647621,-0.313187959,0,0,0,0,0,-0.203519847,-0.122587344,0.067403172,-0.036039936,0.689614302,0.799016971,0,10.00435854,0.05135342,0,0,0,0,0,0,1.0957,0,2.682,0,0,2.0388,2.0388,1.86419408,1.247191961,2.13892281,0.132267968,0.611,0,0,5.968,0,0,0,0,0
ROUTE5,12/1/2015,8.941676305,0.01616882,0,0.080699827,0,0,0,0,-0.139342461,-0.122587344,0.003225785,0,0.776920562,0.689614302,0.347363434,9.87634023,0.23907415,0,0,0,0,0,0,1.0957,4.1368,0,2.682,0,0,2.0388,4.28986061,1.86419408,1.247191961,0.132267968,0.441,0,0,5.995,0,0,0,0,0
ROUTE5,12/8/2015,8.647343876,0,-0.126117153,0,0,0,0,0,-0.136116676,-0.122587344,0,-0.008888947,3.044522438,0.776920562,0.941204277,8.85622847,0.35984418,0,0,0,0,0,0,1.0957,4.9609,4.1368,0,0,0,0,1.54110441,4.28986061,1.86419408,0.132267968,0.291,0,0,1.574,0,0,0,0,0
ROUTE5,12/15/2015,8.538171598,0.019756695,-0.461412134,0,0,0,0,0,-0.347729632,-0.227027578,0.107172722,0,4.131196303,3.044522438,1.52923259,7.83443472,0.35984418,0,0,0,0,0,0,1.0957,2.682,4.9609,4.1368,0,0,0,2.50263479,1.54110441,4.28986061,0.132267968,0.291,0,0,1.279,0,0,0,0,0
ROUTE5,12/22/2015,8.125926803,0,0,0,0,0,0,0,-0.410225699,-0.227027578,0.169668789,-0.050585497,4.756012668,4.131196303,1.546449873,0,0.35984418,3.018286738,0,0,0,0,0,1.0957,0,2.682,4.9609,0,0,0,2.50263479,2.50263479,1.54110441,0.11890474,0.291,0,0,1.987,0,0,0,0,0
ROUTE6,1/1/2013,7.648263031,0,0,0,0,0,0,0,-0.032396987,-0.029916141,0,-0.693147181,0,0,2.29782184,0,0.13105649,0,0,0,0,0,0,0,0,0,0,0,0,0,2.98109521,0,0,0,0.224,0,0,0,0,0,0,0,0
ROUTE6,1/8/2013,8.173857455,0,0,0,0,0,0,0,-0.053401799,-0.029916141,0.021004812,0,0.654803825,0,2.32129244,0,0.69067227,0,0,0,0,0,0,0.9765,0,0,0,0,0,0,0,2.98109521,0,0,0.784,0,2.936,0.028,0,0,0,0,0
ROUTE6,1/15/2013,8.15564927,0,0,0,0,0,0,0,-0.076660064,-0.029916141,0.044263077,0,1.024343545,0.654803825,1.9739773,0,0.69067227,0,0,0,0,0,0,0,0,0,0,0,0,0,0,0,2.98109521,0,0.784,7.411,0,0.719,0,0,0,0,0
ROUTE6,1/22/2013,8.036249942,0,0,0,0,0,0,0,-0.088048435,-0.029916141,0.055651447,-0.150282203,0.859206075,1.024343545,1.97360305,0,0.69067227,0,0,0,0,0,0,0,0,0,0,0,0,0,0,0,0,0,0.784,4.504,1.624,0.719,0,0,0,0,0
ROUTE6,1/29/2013,8.190631681,0.052066617,0,0.117176152,0,0,0,0,-0.056585691,-0.029916141,0.024188704,0,0.760571424,0.859206075,2.08198672,0,0.66216028,0,0,0,0,0,0,0,0,0,0,0,0,0,0,0,0,0,0.785,7.284,0,0.719,0,0,0,0,0
ROUTE6,2/5/2013,8.097121931,0.045029813,0,0.049444699,0,0,0,0,-0.067148188,-0.029916141,0.0347512,-0.01169604,0.5392577,0.760571424,2.19025601,0,0.47156361,0,0,0,0,0,0,0.4506,0,0,0,0,0,0,0,0,0,0,0.794,6.824,2.44,0.834,0,0,0,0,0
ROUTE6,2/12/2013,8.089789176,0.041041556,-0.023771271,0,0,0,0,0,-0.068774324,-0.029916141,0.036377337,0,0.484784139,0.5392577,2.17665519,0,0.47156361,0,0,0,0,0,0,0.4506,0,0,0,0,0,0,0,0,0,0,0.794,8.781,3.072,0.834,0,0,0,0,0
ROUTE6,2/19/2013,8.031710375,0.027139884,-0.005377219,0,0,0,0,0,-0.046782756,-0.029916141,0.014385768,-0.150282203,0.360585782,0.484784139,2.10030547,0,0.47156361,0,0,0,0,0,0,0.4506,0,0,0,0,0,0,0,0,0,0,0.794,10.307,1.328,0.834,0,0,0,0,0
ROUTE6,2/26/2013,8.194781638,0.013108513,0,0.158545427,0,0,0,0,-0.048312853,-0.029916141,0.015915866,0,0.519875459,0.360585782,2.00821898,0,0.46297348,0,0,0,0,0,0,0.4506,0,0,0,0,0,0,0,0,0,0.011560822,0.762,0,0,0.834,0,0,0,0,0
ROUTE6,3/5/2013,8.088561805,0,0,0.104698235,0,0,0,0,-0.041262077,-0.029916141,0.00886509,0,1.046603785,0.519875459,2.0118178,0,0.40982291,2.220971298,0,0,0,0,0,0.4506,4.7738,0,0,2.9766,0,0,0,0,0,0.078252197,0.541,0,1.741,0.081,0,0,0,0,0
ROUTE6,3/12/2013,8.126222529,0,0,0.068778911,0,0,0,0,-0.060573199,-0.029916141,0.028176212,0,0.817180237,1.046603785,1.90902131,0,0.40982291,3.883681838,2.220971298,0,0,0,0,0.556,2.7495,4.7738,0,2.9766,2.9766,0,0,0,0,0.078252197,0.541,0,0,0.081,0,0,0,0,0
ROUTE6,3/19/2013,8.087025471,0,0,0.060203405,0,0,0,0,-0.082935523,-0.029916141,0.050538536,0,1.047428981,0.817180237,1.19395443,0,0.40982291,3.332815448,3.883681838,2.220971298,0,0,0,0.556,4.9435,2.7495,4.7738,2.9766,2.9766,2.9766,2.5355022,0,0,0.078252197,0.541,0,1.426,0.081,0,0,0,0,0
ROUTE6,3/26/2013,8.122371243,0,0,0.117040343,0,0,0,0,-0.020094308,-0.017613462,0,0,0.817872278,1.047428981,0.85767065,0,0.40982291,0,3.332815448,3.883681838,2.220971298,0,0,0.556,0,4.9435,2.7495,0,2.9766,2.9766,0,2.5355022,0,0.078252197,0.541,0,0,0.081,0,0,0,0,0
ROUTE6,4/2/2013,8.235890726,0,0,0.169507291,0,0,0,0,-0.045602974,-0.017613462,0.025508667,-0.032789823,0.738348287,0.817872278,0.96843907,0,0.6079365,0,0,3.332815448,3.883681838,2.220971298,0,0.556,1.8322,0,4.9435,0,0,2.9766,1.216531225,0,2.5355022,0.078252197,0.442,6.486,0,0.773,0,0,0,0,0
ROUTE6,4/9/2013,8.201111644,0,0,0.135730511,0,0,0,0,-0.048921678,-0.017613462,0.02882737,0,0.863180907,0.738348287,1.04752895,0,0.67735932,3.125597738,0,0,3.332815448,3.883681838,2.220971298,2.2132,4.9435,1.8322,0,3.034,0,0,1.67618516,1.216531225,0,0.088947486,0.399,7.901,1.184,0.665,0,0,0,0,0
ROUTE6,4/16/2013,8.133880888,0,0,0.073756438,0,0,0,0,-0.081762016,-0.017613462,0.061667708,0,0.96164164,0.863180907,0.9084987,0,0.67735932,3.162619438,3.125597738,0,0,3.332815448,3.883681838,2.2132,2.5253,4.9435,1.8322,3.034,3.034,0,0,1.67618516,1.216531225,0.088947486,0.399,8.271,0,0.665,0,0,0,0,0
ROUTE6,4/23/2013,8.226305988,0,0,0.147051257,0,0,0,0,-0.064250357,-0.017613462,0.04415605,0,1.25678532,0.96164164,1.02926352,0,0.67735932,3.162619438,3.162619438,3.125597738,0,0,3.332815448,2.2132,4.7333,2.5253,4.9435,3.034,3.034,3.034,1.74454094,0,1.67618516,0.088947486,0.399,8.554,1.021,0,0,0,0,0,0
ROUTE6,4/30/2013,8.240385116,0,0,0.187799423,0,0,0,0,-0.035909615,-0.017613462,0.015815307,0,0.857545221,1.25678532,1.0684381,0,0.64214698,0,3.162619438,3.162619438,3.125597738,0,0,2.2132,2.9308,4.7333,2.5253,0,3.034,3.034,4.02688681,1.74454094,0,0.088947486,0.906,8.533,0,0,0,0,0,0,0
ROUTE6,5/7/2013,8.270013062,0,0,0.224229161,0,0,0,0,-0.059343895,-0.017613462,0.039249587,0,0.9610423,0.857545221,1.1527319,0,0.59318132,0,0,3.162619438,3.162619438,3.125597738,0,1.9389,3.4914,2.9308,4.7333,0,0,3.034,2.53547936,4.02688681,1.74454094,0.088947486,1.331,8.69,1.446,0,0,0,0,0,0
ROUTE6,5/14/2013,8.26436333,0,0,0.195045777,0,0,0,0,-0.041616754,-0.017613462,0.021522446,-0.02695581,1.076958419,0.9610423,1.26091389,0,0.59318132,3.154995218,0,0,3.162619438,3.162619438,3.125597738,2.3468,4.8876,3.4914,2.9308,3.034,0,0,1.188212316,2.53547936,4.02688681,0.088947486,1.331,9.119,0,0,0,0,0,0,0
ROUTE6,5/21/2013,8.266421473,0.001708111,0,0.158160919,0,0,0,0,-0.012196149,-0.009715303,0,0,1.180822888,1.076958419,1.42411392,0,0.59318132,3.154995218,3.154995218,0,0,3.162619438,3.162619438,2.3468,4.1756,4.8876,3.4914,3.034,3.034,0,2.95524333,1.188212316,2.53547936,0.088947486,1.331,8.852,1.784,0,0,0,0,0,0
ROUTE6,5/28/2013,8.083945702,0,0,0.075969077,0,0,0,0,0,-0.009715303,0,-0.161268148,0.745439192,1.180822888,1.24194541,0,0.59318132,0,3.154995218,3.154995218,0,0,3.162619438,2.255,0,4.1756,4.8876,0,3.034,3.034,3.76845532,2.95524333,1.188212316,0.088947486,1.331,8.912,0,0.032,0,0,0,0,0
ROUTE6,6/4/2013,8.207401833,0,0,0.153054701,0,0,0,0,-0.021214512,-0.009208022,0.009525644,0,0.596111375,0.745439192,1.34957029,0,0.56416793,0,0,3.154995218,3.154995218,0,0,1.4238,3.8547,0,4.1756,0,0,3.034,2.39337993,3.76845532,2.95524333,0.088947486,1.311,7.6,1.822,0.807,0,0,0,0,0
ROUTE6,6/11/2013,8.099250562,0.000537903,0,0.042211212,0,0,0,0,-0.048627334,-0.009208022,0.036938465,0,0.541996177,0.596111375,1.39908736,0,0.56416793,0,0,0,3.154995218,3.154995218,0,1.4238,0,3.8547,0,0,0,0,0,2.39337993,3.76845532,0.034289073,1.311,0,0,0.807,0,0,0,0,0
ROUTE6,6/18/2013,8.136810864,0.004023337,0,0.035120285,0,0,0,0,-0.064632561,-0.009208022,0.052943693,-0.011299555,0.642925742,0.541996177,1.35359235,0,0.56416793,0.557353058,0,0,0,3.154995218,3.154995218,1.4238,0,0,3.8547,0,0,0,0.965081943,0,2.39337993,0.034289073,1.311,0,1.021,0.115,0,0,0,0,0
ROUTE6,6/25/2013,7.876258882,0,-0.121887843,0,0,0,0,0,-0.059650781,-0.009208022,0.047961913,-0.011299555,1.558969224,0.642925742,1.40720678,0,0.56416793,0.557353058,0.557353058,0,0,0,3.154995218,0.8173,2.0299,0,0,0,0,0,1.67618516,0.965081943,0,0.034289073,1.311,0,0,0,0,0,0,0,0
ROUTE6,7/2/2013,7.466799475,0,-0.012718916,0,0,1,0,0,-0.016047312,-0.009208022,0.004358444,-0.617435359,0.547450736,1.558969224,1.01393687,0,0.45824685,0.586349738,0.557353058,0.557353058,0,0,0,0.8173,0,2.0299,0,0,0,0,3.96048314,1.67618516,0.965081943,0.034289073,0.699,0,0,0,0,0,0,0,0
ROUTE6,7/9/2013,8.107418812,0,0,0.03063242,0,0,0,0,-0.040108798,-0.009208022,0.028419929,-0.011299555,0.704059214,0.547450736,1.29863722,0,0.41252365,0.586349738,0.586349738,0.557353058,0.557353058,0,0,0.8173,0,0,2.0299,0,0,0,0,3.96048314,1.67618516,0.034289073,0.287,0,2,4.805,0,0,0,0,0
ROUTE6,7/16/2013,8.074649075,0,-0.027140417,0,0,0,0,0,-0.011688868,-0.009208022,0,-0.011299555,0.670558544,0.704059214,1.22048774,0,0.41252365,0,0.586349738,0.586349738,0.557353058,0.557353058,0,0.8173,0,0,0,0,0,0,1.77618912,0,3.96048314,0.034289073,0.287,0,0,4.383,0,0,0,0,0
ROUTE6,7/23/2013,8.005033345,0,-0.070170212,0,0,0,0,0,-0.059273729,-0.040268377,0.016524506,-0.011299555,0.64457251,0.670558544,1.19727714,0,0.41252365,0,0,0.586349738,0.586349738,0.557353058,0.557353058,0.4506,0,0,0,0,0,0,1.67685922,1.77618912,0,0.034289073,0.287,0,1.714,4.86,0,0,0,0,0
ROUTE6,7/30/2013,8.009030685,0,-0.071051278,0,0,0,0,0,-0.056029937,-0.040268377,0.013280714,-0.011299555,0.582198107,0.64457251,1.27164798,0,0.38483896,0,0,0,0.586349738,0.586349738,0.557353058,0.4506,1.3368,0,0,0,0,0,1.59482718,1.67685922,1.77618912,0.034289073,0.245,0,0,0,0,0,0,0,0
ROUTE6,8/6/2013,8.045588281,0,-0.030970334,0,0,0,0,0,-0.06277081,-0.040268377,0.020021586,-0.011299555,0.502483717,0.582198107,1.24539634,0,0.31207613,0,0,0,0,0.586349738,0.586349738,0.4506,1.3368,1.3368,0,0,0,0,0,1.59482718,1.67685922,0.034289073,0.133,4.466,2.183,5.842,0,0,0,0,0
ROUTE6,8/13/2013,7.924434185,0,-0.133166163,0,0,0,0,0,-0.094078325,-0.040268377,0.051329101,-0.011299555,0.496300582,0.502483717,1.17916568,0,0.31207613,2.220971298,0,0,0,0,0.586349738,0.4506,0,1.3368,1.3368,2.4018,0,0,0,0,1.59482718,0.034289073,0.133,6.217,0,5.368,0,0,0,0,0
ROUTE6,8/20/2013,7.918992488,0,-0.186282754,0,0,0,0,0,-0.128440588,-0.040268377,0.085691365,-0.011299555,0.554677506,0.496300582,1.60722688,0,0.31207613,2.220971298,2.220971298,0,0,0,0,0.4506,0,0,1.3368,2.4018,2.4018,0,0,0,0,0.034289073,0.133,5.676,2.29,5.66,0,0,0,0,0
ROUTE6,8/27/2013,7.902117546,0,-0.143717136,0,0,0,0,0,-0.107041547,-0.040268377,0.064292324,-0.034289073,0.414825551,0.554677506,2.14308087,0,0.31207613,2.220971298,2.220971298,2.220971298,0,0,0,0.4506,1.3368,0,0,2.4018,2.4018,2.4018,3.15119629,0,0,0.034289073,0.133,6.378,0,5.551,0,0,0,0,0
ROUTE6,9/3/2013,8.175266104,0,0,0.068733381,0,0,0,0,-0.042782325,-0.040268377,3.31E-05,-0.205049808,1.020396542,0.414825551,1.99908506,0,0.48572018,2.810967148,2.220971298,2.220971298,2.220971298,0,0,0.4506,4.1763,1.3368,0,2.1502,2.4018,2.4018,1.159113251,3.15119629,0,0.034289073,1.207,6.042,2.277,5.775,0,0,0,0,0
ROUTE6,9/10/2013,8.379997952,0,0,0.196316597,0,0,0,0,-0.110113677,-0.040268377,0.067364454,0,0.356753311,1.020396542,2.00977847,0,0.51194072,2.895540918,2.810967148,2.220971298,2.220971298,2.220971298,0,0.4506,4.1756,4.1763,1.3368,2.1502,2.1502,2.4018,1.63254399,1.159113251,3.15119629,0.05651221,1.311,5.496,0,6.559,0,0,0,0,0
ROUTE6,9/17/2013,8.317521996,0.005064573,0,0.169120674,0,0,0,0,-0.120368174,-0.040268377,0.077618951,0,0.616624915,0.356753311,2.20999367,0,0.51194072,3.307234688,2.895540918,2.810967148,2.220971298,2.220971298,2.220971298,2.4705,4.8979,4.1756,4.1763,2.9771,2.1502,2.1502,2.36965325,1.63254399,1.159113251,0.067441281,1.311,8.395,1.549,5.703,0,0,0,0,0
ROUTE6,9/24/2013,8.464425126,0.019148312,0,0.153344231,0,0,0,0,-0.141790467,-0.040268377,0.099041244,0,0.475571953,0.616624915,2.31298497,0,0.51194072,3.176639248,3.307234688,2.895540918,2.810967148,2.220971298,2.220971298,2.4806,0,4.8979,4.1756,2.9356,2.9771,2.1502,1.63643157,2.36965325,1.63254399,0.067441281,1.311,7.591,0,2.57,0,0,0,0,0
ROUTE6,10/1/2013,8.339739766,0.018387555,0,0.126534425,0,0,0,0,-0.05603842,-0.040268377,0.013289197,0,0.600419869,0.475571953,2.33334622,0,0.40869303,3.150863478,3.176639248,3.307234688,2.895540918,2.810967148,2.220971298,2.4806,4.0785,0,4.8979,3.0357,2.9356,2.9771,4.18452977,1.63643157,2.36965325,0.067441281,1.297,8.269,0,5.081,0,0,0,0,0
ROUTE6,10/8/2013,8.297045149,0.017429279,0,0.094426641,0,0,0,0,-0.074469932,-0.040268377,0.031720709,0,0.452910885,0.600419869,2.27632304,0,0.32359853,2.649008198,3.150863478,3.176639248,3.307234688,2.895540918,2.810967148,2.4806,0,4.0785,0,2.2795,3.0357,2.9356,3.03678315,4.18452977,1.63643157,0.067441281,1.287,9.295,2.049,5.565,0,0,0,0,0
ROUTE6,10/15/2013,8.250620082,0.020596891,0,0.080277694,0,0,0,0,-0.042749223,-0.040268377,0,-0.021978907,0.446412487,0.452910885,2.32101634,0,0.32359853,3.150863478,2.649008198,3.150863478,3.176639248,3.307234688,2.895540918,1.956,4.6169,0,4.0785,3.0542,2.2795,3.0357,1.74454094,3.03678315,4.18452977,0.067441281,1.287,8.802,0,5.204,0,0,0,0,0
ROUTE6,10/22/2013,8.336869637,0.026889394,0,0.143170764,0,0,0,0,-0.056024683,-0.040268377,0.01327546,0,0.942892981,0.446412487,2.44059616,0,0.32359853,3.150863478,3.150863478,2.649008198,3.150863478,3.176639248,3.307234688,1.9389,1.1238,4.6169,0,3.0542,3.0542,2.2795,2.0961435,1.74454094,3.03678315,0.067441281,1.287,8.825,1.549,3.173,0,0,0,0,0
ROUTE6,10/29/2013,8.303752416,0.028332875,0,0.135769166,0,0,0,0,-0.052034249,-0.040268377,0.009285026,-0.021978907,1.657481418,0.942892981,2.47821314,0,0.37918223,0,3.150863478,3.150863478,2.649008198,3.150863478,3.176639248,1.9389,4.2218,1.1238,4.6169,0,3.0542,3.0542,3.26708445,2.0961435,1.74454094,0.067441281,1.184,8.901,0,1.677,0,0,0,0,0
ROUTE6,11/5/2013,8.319229939,0.025579047,0,0.156122491,0,0,0,0,-0.062330817,-0.040268377,0.019581594,0,4.214215281,1.657481418,2.4337573,0,0.66014397,0,0,3.150863478,3.150863478,2.649008198,3.150863478,1.9389,4.3804,4.2218,1.1238,0,0,3.0542,0,3.26708445,2.0961435,0.067441281,0.139,9.249,1.426,6.109,0,0,0,0,0
ROUTE6,11/12/2013,8.327967858,0.023834493,0,0.168996099,0,0,0,0,-0.083362094,-0.040268377,0.040612871,0,0.921917505,4.214215281,2.38785325,0,0.66014397,0,0,0,3.150863478,3.150863478,2.649008198,0.9785,4.358,4.3804,4.2218,0,0,0,0,0,3.26708445,0.067441281,0.139,8.628,0,4.308,0,0,0,0,0
ROUTE6,11/19/2013,8.131530711,0.016991089,0,0.015757919,0,0,0,0,-0.104969139,-0.040268377,0.062219916,0,0.463812876,0.921917505,2.38984841,0,0.66014397,0,0,0,0,3.150863478,3.150863478,0.9785,2.6011,4.358,4.3804,0,0,0,0,0,0,0.067441281,0.139,9.029,1.641,4.796,0,0,0,0,0
ROUTE6,11/26/2013,7.707512195,0.013354098,0,0.04712404,0,0,1,0,-0.038910829,-0.036429983,0,-0.884202417,0.215591596,0.463812876,2.27263816,0,0.66014397,0,0,0,0,0,3.150863478,0.9785,2.567,2.6011,4.358,0,0,0,2.22658212,0,0,0.067441281,0.139,8.266,0,5.686,0,0,0,0,0
ROUTE6,12/3/2013,8.329899293,0.00385773,0,0.188188963,0,0,0,0,-0.014020511,-0.036429983,0,0,2.022605775,0.215591596,2.47936407,0,0.35223598,0,0,0,0,0,0,0.9785,0.568,2.567,2.6011,0,0,0,0,2.22658212,0,0.067441281,0.124,8.691,2.377,1.843,0,0,0,0,0
ROUTE6,12/10/2013,8.135053909,0,0,0.036957099,0,0,0,0,-0.084056746,-0.033057267,0.048518633,-0.016000341,1.336278917,2.022605775,2.38480651,0,0.29025847,0,0,0,0,0,0,0.8543,1.1238,0.568,2.567,0,0,0,0,0,2.22658212,0.094252538,0.122,5.024,0,0.908,0,0,0,0,0
ROUTE6,12/17/2013,7.685243608,0,-0.320971562,0,0,0,0,0,-0.127593071,-0.033057267,0.092054958,0,0.961941176,1.336278917,2.15684555,0,0.29025847,0,0,0,0,0,0,0.8543,0,1.1238,0.568,0,0,0,0,0,0,0.094252538,0.122,4.267,1.659,1.856,0,0,0,0,0
ROUTE6,12/24/2013,6.329720906,0,-0.202481489,0,0,0,0,1,-0.089171372,-0.033057267,0.053633259,-1.170665606,0.637969102,0.961941176,2.30027132,0,0.29025847,0,0,0,0,0,0,0.8543,0,0,1.1238,0,0,0,0,0,0,0.08361414,0.122,5.627,0,1.856,0,0,0,0,0
ROUTE6,12/31/2013,7.236339343,0.005866027,-0.934720028,0,0,0,0,0,-0.054258632,-0.033057267,0.018720519,-1.170665606,0.375770455,0.637969102,2.49804915,0,0.3991529,0,0,0,0,0,0,2.2164,0,0,0,0,0,0,0,0,0,0.08361414,0.072,5.161,0,1.744,0,0,0,0,0
ROUTE6,1/7/2014,8.205764725,0,0,0.149763957,0,0,0,0,-0.048346705,-0.033057267,0.012808592,-0.043722811,0.33960213,0.375770455,2.58705461,0,0.52804428,0,0,0,0,0,0,0.8732,3.4914,0,0,0,0,0,0,0,0,0.08361414,0,4.509,1.549,0.192,0,0,0,0,0
ROUTE6,1/14/2014,8.163371316,0,0,0.108005238,0,0,0,0,-0.051215562,-0.033057267,0.015677449,-0.016172859,0.131275716,0.33960213,2.48084065,0,0.52804428,0,0,0,0,0,0,0.8732,0,3.4914,0,0,0,0,0,0,0,0.08361414,0,5.636,0,0.192,0,0,0,0,0
ROUTE6,1/21/2014,8.149601736,0.001862516,0,0.061217699,0,0,0,0,-0.087031775,-0.033057267,0.051493662,-0.131242189,0.658461623,0.131275716,2.26558769,0,0.52804428,0,0,0,0,0,0,0.8732,0,0,3.4914,0,0,0,0,0,0,0.08361414,0,3.968,1.426,0.192,0,0,0,0,0
ROUTE6,1/28/2014,8.233237501,0.005780226,0,0.117176152,0,0,0,0,-0.067901587,-0.033057267,0.032363474,-0.016172859,3.770813307,0.658461623,2.25841573,0,0.52804428,0,0,0,0,0,0,0.8732,1.0378,0,0,0,0,0,0,0,0,0.08361414,0,0,0,0.192,0,0,0,0,0
ROUTE6,2/4/2014,8.13739583,0.002991293,0,0.049444699,0,0,0,0,-0.079709464,-0.033057267,0.044171351,-0.038151766,1.903720411,3.770813307,2.34033217,0,0.12622098,0,0,0,0,0,0,0.8732,0,1.0378,0,0,0,0,0,0,0,0.08361414,0.18,2.955,2.248,0.249,0,0,0,0,0
ROUTE6,2/11/2014,7.990238186,0,-0.023771271,0,0,0,0,0,-0.105221829,-0.033057267,0.069683716,-0.016172859,0.627563181,1.903720411,2.49924014,0,0.12622098,0,0,0,0,0,0,0.8732,3.3642,0,1.0378,0,0,0,0,0,0,0.08361414,0.18,2.77,0,6.66,0,0,0,0,0
ROUTE6,2/18/2014,8.079927771,0.00212687,-0.005377219,0,0,0,0,0,-0.036291396,-0.033057267,0.000753283,-0.113114804,0.564084071,0.627563181,2.38069626,0,0.12622098,0,0,0,0,0,0,0.8732,0,3.3642,0,0,0,0,0,0,0,0.08361414,0.18,2.572,2.034,7.127,0,0,0,0,0
ROUTE6,2/25/2014,8.263848131,0.005885567,0,0.158545427,0,0,0,0,-0.071311645,-0.033057267,0.035773532,0,0.346276237,0.564084071,2.54727392,0,0.12622098,0,0,0,0,0,0,0.8732,0,0,3.3642,0,0,0,0,0,0,0.08361414,0.18,0,1.808,7.285,0,0,0,0,0
ROUTE6,3/4/2014,8.272059622,0.012138629,0,0.104698235,0,0,0,0,-0.035538113,-0.033057267,0,0,0.372535951,0.346276237,2.57449603,0,0,2.588024378,0,0,0,0,0,0.8732,3.026,0,0,0,0,0,0,0,0,0.08361414,1.315,0,0,5.12,0,0,0,0,0
ROUTE6,3/11/2014,8.183955717,0.009287594,0,0.068778911,0,0,0,0,-0.079634389,-0.033057267,0.044096276,-0.005361943,0.455399067,0.372535951,2.52358372,0,0,2.588024378,2.588024378,0,0,0,0,2.3544,3.4914,3.026,0,2.2753,0,0,1.058627126,0,0,0.08361414,1.315,0,0,4.329,0,0,0,0,0
ROUTE6,3/18/2014,8.158229917,0.007788507,0,0.060203405,0,0,0,0,-0.08654736,-0.033057267,0.051009247,-0.005361943,0.753956185,0.455399067,2.37135094,1.359143372,0,2.518412068,2.588024378,2.588024378,0,0,0,2.3544,0,3.4914,3.026,2.2753,2.2753,0,2.90229503,1.058627126,0,0.08361414,1.315,0,1.549,2.296,0,0,0,0,0
ROUTE6,3/25/2014,8.181720455,0.004824607,0,0.117040343,0,0,0,0,-0.066815126,-0.033057267,0.031277014,-0.005361943,0.673759828,0.753956185,2.45328579,11.56021246,0,0,2.518412068,2.588024378,2.588024378,0,0,2.3544,3.3299,0,3.4914,0,2.2753,2.2753,0,2.90229503,1.058627126,0.08361414,1.315,3.581,0,1.95,0,0,0,0,0
ROUTE6,4/1/2014,8.308199063,0.005162249,0,0.169507291,0,0,0,0,-0.047945459,-0.033057267,0.012407347,0,0.643337688,0.673759828,2.44729945,11.5883973,0.10877986,0,0,2.518412068,2.588024378,2.588024378,0,2.6424,3.026,3.3299,0,0,0,2.2753,3.96250215,0,2.90229503,0.088947486,1.329,0,2.65,0.206,0,0,0,0,0
ROUTE6,4/8/2014,8.258422462,0.001056339,0,0.135730511,0,0,0,0,-0.082297696,-0.033057267,0.046759583,0,0.49820716,0.643337688,2.31198325,11.83927083,0.1832416,2.761079338,0,0,2.518412068,2.588024378,2.588024378,2.3476,4.6167,3.026,3.3299,2.3535,0,0,2.19787554,3.96250215,0,0.088947486,1.34,2.302,1.785,0,0,0,0,0,0
ROUTE6,4/15/2014,8.105307516,0,0,0.073756438,0,0,0,0,-0.053946828,-0.033057267,0.018408715,-0.02695581,0.767143189,0.49820716,2.31512138,12.24334589,0.1832416,2.761079338,2.761079338,0,0,2.518412068,2.588024378,2.3152,3.3299,4.6167,3.026,2.3535,2.3535,0,2.66634753,2.19787554,3.96250215,0.088947486,1.34,3.157,0,0,0,0,0,0,0
ROUTE6,4/22/2014,8.259716961,0.001589758,0,0.147051257,0,0,0,0,-0.056365312,-0.033057267,0.0208272,-0.016086138,0.40441963,0.767143189,2.31148863,12.12475819,0.1832416,2.584232578,2.761079338,2.761079338,0,0,2.518412068,2.3152,0,3.3299,4.6167,2.3535,2.3535,2.3535,1.99034219,2.66634753,2.19787554,0.088947486,1.34,1.874,1.021,0,0,0,0,0,0
ROUTE6,4/29/2014,8.30844552,0.004753301,0,0.187799423,0,0,0,0,-0.068163745,-0.033057267,0.032625632,0,0.392846644,0.40441963,2.31991946,12.12871864,0.25299211,0.154141905,2.584232578,2.761079338,2.761079338,0,0,2.0206,3.3299,0,3.3299,0,2.3535,2.3535,4.05565635,1.99034219,2.66634753,0.088947486,1.119,3.897,0,0,0,0,0,0,0
ROUTE6,5/6/2014,8.33423143,0.006376366,0,0.224229161,0,0,0,0,-0.047997223,-0.033057267,0.01245911,0,0.368749093,0.392846644,1.84745405,12.38021171,0.40865636,2.584232578,0.154141905,2.584232578,2.761079338,2.761079338,0,1.3564,4.8996,3.3299,0,2.3549,0,2.3535,3.12348073,4.05565635,1.99034219,0.088947486,0.163,2.583,3.052,0.057,0,0,0,0,0
ROUTE6,5/13/2014,8.33062262,0.002608764,0,0.195045777,0,0,0,0,-0.077439939,-0.033057267,0.041901826,0,0.207982174,0.368749093,0.88521652,12.48489672,0.40865636,2.584232578,2.584232578,0.154141905,2.584232578,2.761079338,2.761079338,1.2018,3.5303,4.8996,3.3299,2.4017,2.3549,0,2.1206951,3.12348073,4.05565635,0.088947486,0.163,3.441,1.957,0.057,0,0,0,0,0
ROUTE6,5/20/2014,8.217168596,0,0,0.158160919,0,0,0,0,-0.083769596,-0.033057267,0.048231483,0,0.71178126,0.207982174,0.81272508,12.35922543,0.40865636,0.154141905,2.584232578,2.584232578,0.154141905,2.584232578,2.761079338,1.2018,2.246,3.5303,4.8996,0,2.4017,2.3549,1.65119663,2.1206951,3.12348073,0.078252197,0.163,0,0,0.057,0,0,0,0,0
ROUTE6,5/27/2014,8.213381737,0.003109261,0,0.075969077,0,0,0,0,-0.034068579,-0.033057267,0,-0.138150338,0.448916871,0.71178126,0.66062679,12.41702027,0.40865636,0.154141905,0.154141905,2.584232578,2.584232578,0.154141905,2.584232578,1.0509,2.6846,2.246,3.5303,0,0,2.4017,2.86723259,1.65119663,2.1206951,0.078252197,0.163,2.554,0,0.057,0,0,0,0,0
ROUTE6,6/3/2014,8.284756593,0.005258864,0,0.153054701,0,0,0,0,-0.040187463,-0.037706617,0,0,0.413789818,0.448916871,0.59945944,12.51089624,0.5174301,0,0.154141905,0.154141905,2.584232578,2.584232578,0.154141905,1.0509,1.9355,2.6846,2.246,0,0,0,0,2.86723259,1.65119663,0.078252197,0.304,0,3.056,0.153,0,0,0,0,0
ROUTE6,6/10/2014,8.192570471,0.008832645,0,0.042211212,0,0,0,0,-0.054152189,-0.043667253,0.00800409,0,0.364403621,0.413789818,1.70921874,12.45816788,0.53446201,0,0,0.154141905,0.154141905,2.584232578,2.584232578,1.0509,2.1557,1.9355,2.6846,0,0,0,3.2795683,0,2.86723259,0.078252197,0.326,0,0,6.238,0,0,0,0,0
ROUTE6,6/17/2014,8.178919333,0.014508145,0,0.035120285,0,0,0,0,-0.06762523,-0.043667253,0.021477131,0,0.520341334,0.364403621,2.52798124,12.77823471,0.53446201,0,0,0,0.154141905,0.154141905,2.584232578,1.0509,1.7743,2.1557,1.9355,0,0,0,1.71649327,3.2795683,0,0.078252197,0.326,0,0,6.006,0,0,0,0,0
ROUTE6,6/24/2014,8.040768994,0.023188591,-0.121887843,0,0,0,0,0,-0.126950172,-0.043667253,0.080802073,0,0.450416496,0.520341334,2.60226501,10.75301481,0.53446201,0,0,0,0,0.154141905,0.154141905,0.8732,1.9908,1.7743,2.1557,0,0,0,0,1.71649327,3.2795683,0.078252197,0.326,0,0,5.991,0,0,0,0,0
ROUTE6,7/1/2014,7.739359203,0.028800383,-0.012718916,0,0,1,0,0,-0.055430106,-0.043667253,0.009282006,-0.703958097,0.459862253,0.450416496,2.49783897,3.404762448,0.42455433,0,0,0,0,0,0.154141905,0.8732,0.2718,1.9908,1.7743,0,0,0,2.43411809,0,1.71649327,0.078252197,0.592,0,0,5.92,0,0,0,0,0
ROUTE6,7/8/2014,8.14322675,0.024483414,0,0.03063242,0,0,0,0,-0.069181496,-0.043667253,0.023033396,0,0.542451862,0.459862253,2.62498927,2.929287174,0.33339115,0,0,0,0,0,0,0.8732,0.8074,0.2718,1.9908,0,0,0,0,2.43411809,0,0.078252197,0.754,0,2.691,6.448,0,0,0,0,0
ROUTE6,7/15/2014,8.103191752,0.024138192,-0.027140417,0,0,0,0,0,-0.056400781,-0.043667253,0.010252682,0,0.442392381,0.542451862,2.29748891,2.327277706,0.33339115,0,0,0,0,0,0,0.8732,1.7743,0.8074,0.2718,0,0,0,0,0,2.43411809,0.078252197,0.754,0,0,6.388,0,0,0,0,0
ROUTE6,7/22/2014,8.100464891,0.024374662,-0.070170212,0,0,0,0,0,-0.046148099,-0.043667253,0,0,0.306123826,0.442392381,2.01138986,2.269914311,0.33339115,0,0,0,0,0,0,0.8732,1.9908,1.7743,0.8074,0,0,0,0,0,0,0.078252197,0.754,0,0,5.217,0,0,0,0,0
ROUTE6,7/29/2014,8.06714904,0.019684796,-0.071051278,0,0,0,0,0,-0.058951951,-0.046820807,0.009650298,0,0.471178487,0.306123826,2.68208822,9.03577012,0.32283191,0,0,0,0,0,0,0.8732,0,1.9908,1.7743,0,0,0,1.84589159,0,0,0.078252197,0.688,0,0,0,0,0,0,0,0
ROUTE6,8/5/2014,8.087025471,0.012321345,-0.030970334,0,0,0,0,0,-0.054265742,-0.046820807,0.004964089,0,0.500585282,0.471178487,2.57556511,8.8983217,0.25702209,0.287666617,0,0,0,0,0,0.8732,0.2718,0,1.9908,0,0,0,1.71649327,1.84589159,0,0.078252197,0.163,0,2.304,0,0,0,0,0,0
ROUTE6,8/12/2014,7.987184748,0.003722363,-0.133166163,0,0,0,0,0,-0.049301653,-0.046820807,0,0,0.334006144,0.500585282,2.55857492,9.50235945,0.25702209,0.287666617,0.287666617,0,0,0,0,0.8732,4.2624,0.2718,0,0,0,0,0,1.71649327,1.84589159,0.078252197,0.163,0,0.693,0,0,0,0,0,0
ROUTE6,8/19/2014,7.922985959,0,-0.186282754,0,0,0,0,0,-0.072617109,-0.052805572,0.017330691,0,1.213721371,0.334006144,2.63998575,7.91281537,0.25702209,0.287666617,0.287666617,0.287666617,0,0,0,0.8732,2.5505,4.2624,0.2718,0,0,0,1.041475518,0,1.71649327,0.078252197,0.163,0,0,0,0,0,0,0,0
ROUTE6,8/26/2014,7.929126487,0,-0.143717136,0,0,0,0,0,-0.068650103,-0.052805572,0.013363685,0,0.567200031,1.213721371,2.59587773,2.351375257,0.25702209,0.287666617,0.287666617,0.287666617,0.287666617,0,0,0.8732,0,2.5505,4.2624,0,0,0,2.90286865,1.041475518,0,0.067441281,0.163,0,0,3.025,0,0,0,0,0
ROUTE6,9/2/2014,8.141481041,0,0,0.068733381,0,0,0,0,-0.06221873,-0.052805572,0.006932313,-0.317095958,0.437344414,0.567200031,2.56297996,2.169053701,0.15005948,0.287666518,0.287666617,0.287666617,0.287666617,0.287666617,0,0.8732,0.2718,0,2.5505,0,0,0,3.70326669,2.90286865,1.041475518,0.067441281,1.66,0,0,5.847,0,0,0,0,0
ROUTE6,9/9/2014,8.277411999,0,0,0.196316597,0,0,0,0,-0.105974637,-0.052805572,0.050688219,-0.044451763,0.223143551,0.437344414,2.57487779,11.79696009,0.10385107,0.287666518,0.287666518,0.287666617,0.287666617,0.287666617,0.287666617,0.8732,1.8322,0.2718,0,0,0,0,0,3.70326669,2.90286865,0.067441281,1.93,0,3.105,6.484,0,0,0,0,0
ROUTE6,9/16/2014,8.223090551,0,0,0.169120674,0,0,0,0,-0.112644909,-0.052805572,0.057358492,0,0.195169699,0.223143551,2.58665212,12.67047535,0.10385107,0.287666518,0.287666518,0.287666518,0.287666617,0.287666617,0.287666617,1.6051,3.4071,1.8322,0.2718,0,0,0,1.70542219,0,3.70326669,0.067441281,1.93,0,0,5.209,0,0,0,0,0
ROUTE6,9/23/2014,8.144098463,0,0,0.153344231,0,0,0,0,-0.117039911,-0.052805572,0.061753493,-0.090971778,0.856214549,0.195169699,2.56023616,12.91851935,0.10385107,0,0.287666518,0.287666518,0.287666518,0.287666617,0.287666617,1.701,3.5214,3.4071,1.8322,0,0,0,2.60674349,1.70542219,0,0.067441281,1.93,0,0,1.159,0,0,0,0,0
ROUTE6,9/30/2014,8.182279739,0,0,0.126534425,0,0,0,0,-0.128969386,-0.052805572,0.073682968,0,0.39496081,0.856214549,2.54104531,12.88776799,0.22579185,0,0,0.287666518,0.287666518,0.287666518,0.287666617,1.701,3.3326,3.5214,3.4071,0.4107,0,0,3.38742015,2.60674349,1.70542219,0.067441281,1.694,0,0,6.288,0,0,0,0,0
ROUTE6,10/7/2014,8.146419323,0,0,0.094426641,0,0,0,0,-0.109852491,-0.052805572,0.054566073,0,0.399175779,0.39496081,2.39767781,12.99782789,0.368216,0,0,0,0.287666518,0.287666518,0.287666518,1.701,4.8296,3.3326,3.5214,0.4107,0.4107,0,3.16931416,3.38742015,2.60674349,0.067441281,1.255,0,3.135,6.404,0,0,0,0,0
ROUTE6,10/14/2014,8.144388866,0.00073702,0,0.080277694,0,0,0,0,-0.076690379,-0.052805572,0.021403961,0,0.377920994,0.399175779,2.30595123,13.01822917,0.368216,0,0,0,0,0.287666518,0.287666518,1.5176,3.6013,4.8296,3.3326,0,0.4107,0.4107,1.65439246,3.16931416,3.38742015,0.067441281,1.255,0,1.994,6.115,0,0,0,0,0
ROUTE6,10/21/2014,8.141772205,0,0,0.143170764,0,0,0,0,-0.082262434,-0.052805572,0.026976016,0,0.551522219,0.377920994,2.25499034,12.74432762,0.368216,0,0,0,0,0,0.287666518,2.1332,4.7402,3.6013,4.8296,0,0,0.4107,2.2468763,1.65439246,3.16931416,0.067441281,1.255,0,0.947,6.129,0,0,0,0,0
ROUTE6,10/28/2014,8.161089513,0,0,0.135769166,0,0,0,0,-0.055286418,-0.052805572,0,-0.033152207,0.410676167,0.551522219,1.97641413,13.11517295,0.368216,0,0,0,0,0,0,2.1332,3.5648,4.7402,3.6013,0.0053,0,0,4.03223379,2.2468763,1.65439246,0.067441281,1.255,0,0.947,5.756,0,0,0,0,0
ROUTE6,11/4/2014,8.206310726,0,0,0.156122491,0,0,0,0,-0.056287071,-0.052805572,0.001000653,-0.079137321,0.515672791,0.410676167,1.99876839,13.06332634,0.32076459,0,0,0,0,0,0,2.1473,4.2434,3.5648,4.7402,0.0053,0.0053,0,0,4.03223379,2.2468763,0.067441281,0.602,0,3.814,5.855,0,0,0,0,0
ROUTE6,11/11/2014,8.24196656,0,0,0.168996099,0,0,0,0,-0.095306944,-0.052805572,0.040020526,-0.055880458,0.378457907,0.515672791,2.01691448,11.29165471,0.32076459,0,0,0,0,0,0,2.1473,3.7488,4.2434,3.5648,1.7145,0.0053,0.0053,2.90407811,0,4.03223379,0.067441281,0.602,0,0,6.429,0,0,0,0,0
ROUTE6,11/18/2014,8.176953868,0.001098366,0,0.015757919,0,0,0,0,-0.142586028,-0.052805572,0.08729961,-0.055880458,0.405987438,0.378457907,2.00015172,11.26464495,0.32076459,0,0,0,0,0,0,2.1473,4.4021,3.7488,4.2434,1.5148,1.7145,0.0053,0.637743944,2.90407811,0,0.067441281,0.602,0,0,6.03,0,0,0,0,0
ROUTE6,11/25/2014,7.635303886,0,0,0.04712404,0,0,1,0,-0.065452535,-0.052805572,0.010166118,-0.317095958,0.927512795,0.405987438,1.57716765,9.35615847,0.32076459,0,0,0,0,0,0,2.1473,0.9732,4.4021,3.7488,1.5148,1.5148,1.7145,1.139459387,0.637743944,2.90407811,0.067441281,0.602,0,0,1.571,0,0,0,0,0
ROUTE6,12/2/2014,8.243808424,0,0,0.188188963,0,0,0,0,-0.047306967,-0.044826121,0,0,0.562745681,0.927512795,1.90634667,2.404367787,0.4166349,0,0,0,0,0,0,2.1473,0.912,0.9732,4.4021,1.5148,1.5148,1.5148,2.78835584,1.139459387,0.637743944,0.067441281,0.305,0,0,1.272,0,0,0,0,0
ROUTE6,12/9/2014,8.102283624,0,0,0.036957099,0,0,0,0,-0.02178355,-0.019302704,0,-0.055880458,1.533592237,0.562745681,2.11420239,2.255044148,0.45254945,0,0,0,0,0,0,1.931,0.9732,0.912,0.9732,0,1.5148,1.5148,0,2.78835584,1.139459387,0.067441281,0.157,0,3.349,1.004,0,0,0,0,0
ROUTE6,12/16/2014,7.799753318,0.011653061,-0.320971562,0,0,0,0,0,-0.045699296,-0.019302704,0.023915745,-0.033152207,1.355051147,1.533592237,1.53705639,1.779783278,0.45254945,0,0,0,0,0,0,1.1038,0,0.9732,0.912,0,0,1.5148,0,0,2.78835584,0.067441281,0.157,0,0,1.24,0,0,0,0,0
ROUTE6,12/23/2014,6.634633358,0.018134023,-0.202481489,0,0,0,0,1,-0.046737872,-0.019302704,0.024954322,-0.858226931,0.759471919,1.355051147,1.83962428,1.61655538,0.45254945,0,0,0,0,0,0,1.1038,2.2993,0,0.9732,0,0,0,0,0,0,0.067441281,0.157,0,0,2.284,0,0,0,0,0
ROUTE6,12/30/2014,6.993015123,0.004426569,-0.934720028,0,0,0,0,0,-0.001737792,-0.019302704,0,-0.858226931,0.457385165,0.759471919,0,0,0.43694067,0,0,0,0,0,0,1.1038,0,2.2993,0,0,0,0,0,0,0,0.067441281,0.115,0,1.032,1.2,0,0,0,0,0
ROUTE6,1/6/2015,8.273846933,0.009311453,0,0.149763957,0,0,0,0,-0.011237268,0,0.008756422,-0.027549952,0.252793654,0.457385165,1.83925129,0,0.39681834,0,0,0,0,0,0,1.1022,0.9732,0,2.2993,0,0,0,0,0,0,0.067441281,0.003,0,2.056,0.793,0,0,0,0,0
ROUTE6,1/13/2015,8.209852481,0.006722327,0,0.108005238,0,0,0,0,-0.037302296,0,0.03482145,-0.016438726,0.549262331,0.252793654,1.78929447,0,0.39681834,0,0,0,0,0,0,1.1022,0.1009,0.9732,0,0,0,0,0,0,0,0.067441281,0.003,0,0,0.793,0,0,0,0,0
ROUTE6,1/20/2015,8.124150603,0.001751419,0,0.061217699,0,0,0,0,-0.056798209,0,0.054317363,-0.050149784,0.547450736,0.549262331,2.50061943,0,0.39681834,0,0,0,0,0,0,1.1022,0.9732,0.1009,0.9732,0,0,0,0,0,0,0.067441281,0.003,0,0,0.793,0,0,0,0,0
ROUTE6,1/27/2015,8.096512918,0,0,0.117176152,0,0,0,0,-0.014319187,0,0.01183834,-0.016438726,0.293932093,0.547450736,2.17154851,0,0.39681834,0,0,0,0,0,0,1.1022,0,0.9732,0.1009,0,0,0,0,0,0,0.067441281,0.003,0,0,2.613,0,0,0,0,0
ROUTE6,2/3/2015,8.158516245,0,0,0.049444699,0,0,0,0,-0.063091104,0,0.060610258,-0.050149784,0.129211731,0.293932093,2.3443421,0,0.51505446,0,0,0,0,0,0,1.1022,0,0,0.9732,0,0,0,0,0,0,0.067441281,0.24,0,0,2.71,0,0,0,0,0
ROUTE6,2/10/2015,8.064636476,0,-0.023771271,0,0,0,0,0,-0.067270537,0,0.064789691,-0.016438726,0.116737557,0.129211731,1.97070744,0,0.53346949,0,0,0,0,0,0,1.1022,3.4914,0,0,0,0,0,0,0,0,0.067441281,0.274,0,0,0,0,0,0,0,0
ROUTE6,2/17/2015,8.104401308,0,-0.005377219,0,0,0,0,0,-0.027736737,0,0.025255891,-0.044451763,0.182190932,0.116737557,2.07172138,11.22346562,0.53346949,0,0,0,0,0,0,1.1022,0,3.4914,0,0,0,0,0,0,0,0.067441281,0.274,0,0,0,0,0,0,0,0
ROUTE6,2/24/2015,8.331827004,0,0,0.158545427,0,0,0,0,-0.002480846,0,0,0,0.184148518,0.182190932,2.21909324,12.03940246,0.53346949,0,0,0,0,0,0,1.2995,0,0,3.4914,0,0,0,1.75586224,0,0,0.067441281,0.274,0,0,0,0,0,0,0,0
ROUTE6,3/3/2015,8.290543501,0,0,0.104698235,0,0,0,0,-0.034209443,-0.004656544,0.027072053,0,1.24444364,0.184148518,1.71565347,12.35406753,0.43364512,0,0,0,0,0,0,1.5453,0,0,0,2.2279,0,0,0,1.75586224,0,0.067441281,0.188,0,0,0,0,0,0,0,0
ROUTE6,3/10/2015,8.24143969,0,0,0.068778911,0,0,0,0,-0.00713739,-0.004656544,0,0,0.807441029,1.24444364,1.58235348,12.09141748,0.41599411,0,0,0,0,0,0,1.6403,0,0,0,2.2279,2.2279,0,1.247191961,0,1.75586224,0.067441281,0.173,0,0,4.719,0,0,0,0,0
ROUTE6,3/17/2015,8.234299636,0,0,0.060203405,0,0,0,0,-0.032551516,-0.008729084,0.021341586,0,0.827510907,0.807441029,2.10583764,12.39884933,0.41599411,0,0,0,0,0,0,1.505,2.1935,0,0,0,2.2279,2.2279,3.23553567,1.247191961,0,0.067441281,0.173,0,0,5.369,0,0,0,0,0
ROUTE6,3/24/2015,8.30028019,0,0,0.117040343,0,0,0,0,-0.025778562,-0.008729084,0.014568633,0,0.230638902,0.827510907,1.56257776,12.56088623,0.41599411,0,0,0,0,0,0,1.382,3.6541,2.1935,0,0,0,2.2279,1.86419408,3.23553567,1.247191961,0.067441281,0.173,0,0,0,0,0,0,0,0
ROUTE6,3/31/2015,8.266678443,0,0,0.169507291,0,0,0,0,-0.034426489,-0.008729084,0.023216559,0,0.675755438,0.230638902,2.05999792,12.55960754,0.48978829,0,0,0,0,0,0,1.6246,4.2244,3.6541,2.1935,2.186,0,0,3.51197626,1.86419408,3.23553567,0.067441281,0.827,0,0,0,0,0,0,0,0
ROUTE6,4/7/2015,8.362408978,0.006195362,0,0.135730511,0,0,0,0,-0.015785192,-0.008729084,0.004575262,-0.044451763,0.859206075,0.675755438,2.02946136,12.51249665,0.58040523,0,0,0,0,0,0,1.7347,2.001,4.2244,3.6541,2.186,2.186,0,1.247191961,3.51197626,1.86419408,0.067441281,1.321,0,0,0,0,0,0,0,0
ROUTE6,4/14/2015,8.345455428,0.012688085,0,0.073756438,0,0,0,0,-0.034514607,-0.008729084,0.023304678,0,0.491518172,0.859206075,1.94919993,12.54180851,0.58040523,0,0,0,0,0,0,1.9176,0,2.001,4.2244,0,2.186,2.186,2.0723814,1.247191961,3.51197626,0.067441281,1.321,0,0,5,0,0,0,0,0
ROUTE6,4/21/2015,8.304494898,0.007679498,0,0.147051257,0,0,0,0,-0.052894308,-0.008729084,0.041684379,0,0.290421264,0.491518172,1.98136017,12.62628678,0.58040523,0,0,0,0,0,0,1.9176,4.3271,0,2.001,0,0,2.186,1.83742266,2.0723814,1.247191961,0.067441281,1.321,0,0,5.251,0,0,0,0,0
ROUTE6,4/28/2015,8.372398607,0.007964884,0,0.187799423,0,0,0,0,-0.03614531,-0.008729084,0.02493538,0,0.270888237,0.290421264,1.76907405,12.68772601,0.5414796,0,0,0,0,0,0,1.9967,0,4.3271,0,2.186,0,0,4.45796044,1.83742266,2.0723814,0.067441281,1.317,0,0,5.387,0,0,0,0,0
ROUTE6,5/5/2015,8.406485069,0.007427024,0,0.224229161,0,0,0,0,-0.025153683,-0.008729084,0.013943754,0,0.290421264,0.270888237,1.5398262,12.56617571,0.26946225,0,0,0,0,0,0,1.9345,2.001,0,4.3271,2.186,2.186,0,0,4.45796044,1.83742266,0.067441281,1.289,0,0,5.544,0,0,0,0,0
ROUTE6,5/12/2015,8.464846711,0.010259525,0,0.195045777,0,0,0,0,-0.10221544,-0.008729084,0.09100551,0,0.218745178,0.290421264,1.50476439,12.60156918,0.26946225,0,0,0,0,0,0,1.9345,4.2244,2.001,0,0,2.186,2.186,2.29400587,0,4.45796044,0.067441281,1.289,0,0,5.455,0,0,0,0,0
ROUTE6,5/19/2015,8.360071436,0.009352484,0,0.158160919,0,0,0,0,-0.185725407,-0.008729084,0.174515477,0,4.871235094,0.218745178,1.46945425,12.57291052,0.26946225,0,0,0,0,0,0,1.5416,0,4.2244,2.001,0,0,2.186,1.247191961,2.29400587,0,0.067441281,1.289,0,0,5.649,0,0,0,0,0
ROUTE6,5/26/2015,8.267705665,0.009651714,0,0.075969077,0,0,0,0,-0.01120993,-0.008729084,0,-0.127339422,5.314417469,4.871235094,1.70960588,12.65717806,0.26946225,0,0,0,0,0,0,1.5416,0,0,4.2244,2.186,0,0,0,1.247191961,2.29400587,0.067441281,1.289,0,0,5.185,0,0,0,0,0
ROUTE6,6/2/2015,8.34664209,0.007705756,0,0.153054701,0,0,0,0,-0.063308768,-0.033133161,0.027694761,0,3.836363312,5.314417469,1.59151648,12.58700596,0.39025345,0,0,0,0,0,0,1.3949,0,0,0,2.186,2.186,0,4.24918229,0,1.247191961,0.067441281,0.649,0,0,5.443,0,0,0,0,0
ROUTE6,6/9/2015,8.279443488,0.007041581,0,0.042211212,0,0,0,0,-0.042804237,-0.033133161,0.00719023,0,1.55962842,3.836363312,2.72131178,12.73610051,0.43476055,0.154141905,0,0,0,0,0,1.6248,4.2244,0,0,0,2.186,2.186,2.9502053,4.24918229,0,0.067441281,0.205,0,0,5.64,0,0,0,0,0
ROUTE6,6/16/2015,8.235360644,0.002409203,0,0.035120285,0,0,0,0,-0.053824592,-0.033133161,0.018210585,0,1.479036413,1.55962842,2.8743574,12.13300894,0.43476055,0.154141905,0.154141905,0,0,0,0,1.8396,0,4.2244,0,0,0,2.186,3.56966358,2.9502053,4.24918229,0.067441281,0.205,0,0,4.931,0,0,0,0,0
ROUTE6,6/23/2015,8.105609402,0.00186945,-0.121887843,0,0,0,0,0,-0.096449029,-0.033133161,0.060835021,0,1.27578302,1.479036413,2.89031151,4.658372372,0.43476055,0.154141905,0.154141905,0.154141905,0,0,0,1.7642,0,0,4.2244,0,0,0,2.23530532,3.56966358,2.9502053,0.067441281,0.205,0,0,5.431,0,0,0,0,0
ROUTE6,6/30/2015,7.782807263,0,-0.012718916,0,0,1,0,0,-0.067923253,-0.033133161,0.032309246,-0.704076251,1.02827503,1.27578302,2.84657043,3.765344341,0.57382335,0.154141905,0.154141905,0.154141905,0.154141905,0,0,1.7642,0,0,0,0,0,0,2.67593846,2.23530532,3.56966358,0.067441281,0.192,0,0,5.407,0,0,0,0,0
ROUTE6,7/7/2015,8.242756346,0,0,0.03063242,0,0,0,0,-0.035614007,-0.033133161,0,0,1.098089686,1.02827503,2.91493807,3.509410966,0.73347501,0.154141905,0.154141905,0.154141905,0.154141905,0.154141905,0,1.5674,0,0,0,0,0,0,0,2.67593846,2.23530532,0.067441281,0.173,0,0,5.973,0,0,0,0,0
ROUTE6,7/14/2015,8.163371316,0,-0.027140417,0,0,0,0,0,-0.027806964,-0.051871916,0,0,1.143064051,1.098089686,2.84549084,6.97143406,0.73347501,0.154141905,0.154141905,0.154141905,0.154141905,0.154141905,0.154141905,1.2229,3.2593,0,0,0,0,0,0,0,2.67593846,0.067441281,0.173,0,0,5.684,0,0,0,0,0
ROUTE6,7/21/2015,8.102889135,0,-0.070170212,0,0,0,0,0,-0.067107209,-0.051871916,0.012754447,0,1.263675002,1.143064051,2.73056443,8.21563433,0.73347501,0.154141905,0.154141905,0.154141905,0.154141905,0.154141905,0.154141905,1.0957,0,3.2593,0,0,0,0,0,0,0,0.067441281,0.173,0,0,0,0,0,0,0,0
ROUTE6,7/28/2015,8.117312462,0,-0.071051278,0,0,0,0,0,-0.078772044,-0.051871916,0.024419282,0,1.154245681,1.263675002,2.50965051,2.78147767,0.73347501,0.154141905,0.154141905,0.154141905,0.154141905,0.154141905,0.154141905,1.0957,0,0,3.2593,0,0,0,0,0,0,0.067441281,0.173,0,0,0,0,0,0,0,0
ROUTE6,8/4/2015,8.149312844,0,-0.030970334,0,0,0,0,0,-0.084429205,-0.051871916,0.030076444,0,2.011658473,1.154245681,2.56859233,2.48490665,0.44421663,0.287666617,0.154141905,0.154141905,0.154141905,0.154141905,0.154141905,1.0957,0,0,0,0,0,0,0,0,0,0.067441281,0.906,0,0,0,0,0,0,0,0
ROUTE6,8/11/2015,8.107117471,0,-0.133166163,0,0,0,0,0,-0.14154103,-0.051871916,0.087188268,0,1.374469233,2.011658473,2.42713152,2.934996039,0.44421663,0.287666617,0.287666617,0.154141905,0.154141905,0.154141905,0.154141905,1.4073,2.001,0,0,0,0,0,0,0,0,0.067441281,0.906,0,0,2.675,0,0,0,0,0
ROUTE6,8/18/2015,8.017966703,0,-0.186282754,0,0,0,0,0,-0.137845391,-0.051871916,0.083492629,0,1.623291352,1.374469233,2.05984706,2.799021979,0.44421663,0.287666617,0.287666617,0.287666617,0.154141905,0.154141905,0.154141905,1.4073,0,2.001,0,0,0,0,0,0,0,0.067441281,0.906,0,0,3.378,0,0,0,0,0
ROUTE6,8/25/2015,8.088561805,0,-0.143717136,0,0,0,0,0,-0.111160933,-0.045816756,0.062863331,0,1.047153991,1.623291352,1.9977775,3.160035325,0.44421663,0.287666617,0.287666617,0.287666617,0.287666617,0.154141905,0.154141905,1.4073,2.001,0,2.001,0,0,0,1.44580024,0,0,0.067441281,0.906,0,0,3.378,0,0,0,0,0
ROUTE6,9/1/2015,8.223627176,0,0,0.068733381,0,0,0,0,-0.054352762,-0.045816756,0.00605516,0,1.038314155,1.047153991,1.97340141,2.567692844,0.50297001,0,0.287666617,0.287666617,0.287666617,0.287666617,0.154141905,1.4073,0,2.001,0,0,0,0,1.101580121,1.44580024,0,0.110000895,1.535,0,0,3.378,0,0,0,0,0
ROUTE6,9/8/2015,8.308199063,0,0,0.196316597,0,0,0,0,-0.071002533,-0.045816756,0.022704931,-0.182321557,0.861526646,1.038314155,1.39034554,2.499677967,0.54487512,0,0,0.287666617,0.287666617,0.287666617,0.287666617,1.4352,3.2593,0,2.001,0,0,0,0,1.101580121,1.44580024,0.110000895,1.836,0,0,3.347,0,0,0,0,0
ROUTE6,9/15/2015,8.454253392,0.008663635,0,0.169120674,0,0,0,0,-0.106323159,-0.045816756,0.058025558,0,0.680131812,0.861526646,1.19395743,5.775992388,0.54487512,0,0,0,0.287666617,0.287666617,0.287666617,1.9163,2.001,3.2593,0,0,0,0,0,0,1.101580121,0.130620182,1.836,0,0,1.53,0,0,0,0,0
ROUTE6,9/22/2015,8.361474616,0.011704587,0,0.153344231,0,0,0,0,-0.084627606,-0.045816756,0.036330004,0,1.379807852,0.680131812,0.83512924,2.921624302,0.54487512,0,0,0,0,0.287666617,0.287666617,1.9163,0,2.001,3.2593,0,0,0,2.65039381,0,0,0.130620182,1.836,0,0,1.53,0,0,0,0,0
ROUTE6,9/29/2015,8.365439636,0.016472806,0,0.126534425,0,0,0,0,-0.117128691,-0.045816756,0.068831089,0,1.212323421,1.379807852,1.22648574,2.448539006,0.46312434,0,0,0,0,0,0.287666617,1.9163,2.001,0,2.001,1.9419,0,0,3.18346882,2.65039381,0,0.130620182,1.572,0,0.993,5.722,0,0,0,0,0
ROUTE6,10/6/2015,8.381373468,0.02146163,0,0.094426641,0,0,0,0,-0.097347075,-0.045816756,0.049049473,0,1.011600912,1.212323421,1.39219701,1.961100315,0.22364389,0,0,0,0,0,0,1.9163,4.6725,2.001,0,1.9419,1.9419,0,2.13892281,3.18346882,2.65039381,0.130620182,0.173,0,0,5.849,0,0,0,0,0
ROUTE6,10/13/2015,8.319229939,0.019003853,0,0.080277694,0,0,0,0,-0.048297602,-0.045816756,0,0,0.909370289,1.011600912,0.62620604,2.951929651,0.22364389,0,0,0,0,0,0,1.6788,4.3271,4.6725,2.001,2.6847,1.9419,1.9419,0,2.13892281,3.18346882,0.130620182,0.173,0,0,5.976,0,0,0,0,0
ROUTE6,10/20/2015,8.393216012,0.01889585,0,0.143170764,0,0,0,0,-0.042172124,-0.039691278,0,0,1.045777908,0.909370289,0.30435554,2.864239618,0.22364389,0,0,0,0,0,0,1.9021,0,4.3271,4.6725,2.6847,2.6847,1.9419,2.78570703,0,2.13892281,0.130620182,0.173,0,0.993,6.485,0,0,0,0,0
ROUTE6,10/27/2015,8.353732642,0.015293995,0,0.135769166,0,0,0,0,-0.062618425,-0.039691278,0.020446301,0,0.653989161,1.045777908,0.86739419,2.273597556,0.22364389,0,0,0,0,0,0,2.1117,2.867,0,4.3271,2.0388,2.6847,2.6847,4.39729064,2.78570703,0,0.155810431,0.173,0,0,6.075,0,0,0,0,0
ROUTE6,11/3/2015,8.384347278,0.010158549,0,0.156122491,0,0,0,0,-0.023403026,-0.02092218,0,-0.025190249,0.613235081,0.653989161,1.31835597,11.6114616,0.07785942,0,0,0,0,0,0,1.9535,0.912,2.867,0,2.0388,2.0388,2.6847,0,4.39729064,2.78570703,0.155810431,0.559,0,0,6.368,0,0,0,0,0
ROUTE6,11/10/2015,8.352318548,0.003602935,0,0.168996099,0,0,0,0,-0.112110405,-0.02092218,0.088707379,-0.025190249,0.928751952,0.613235081,1.08308004,11.46044048,0.05135342,0,0,0,0,0,0,1.7741,0,0.912,2.867,2.0388,2.0388,2.0388,2.13892281,0,4.39729064,0.155810431,0.611,0,0,6.245,0,0,0,0,0
ROUTE6,11/17/2015,8.175547596,0,0,0.015757919,0,0,0,0,-0.143328711,-0.02092218,0.119925685,-0.025190249,0.799016971,0.928751952,0.66667311,10.98130719,0.05135342,0,0,0,0,0,0,1.5161,2.682,0,0.912,2.0388,2.0388,2.0388,1.247191961,2.13892281,0,0.155810431,0.611,0,0,5.858,0,0,0,0,0
ROUTE6,11/24/2015,7.761319181,0.004511819,0,0.04712404,0,0,1,0,-0.243647051,-0.02092218,0.220244025,-0.39803013,0.689614302,0.799016971,0,10.00435854,0.05135342,0,0,0,0,0,0,1.0957,0,2.682,0,0,2.0388,2.0388,1.86419408,1.247191961,2.13892281,0.155810431,0.611,0,0,5.968,0,0,0,0,0
ROUTE6,12/1/2015,8.367532417,0.007436955,0,0.188188963,0,0,0,0,-0.043608407,-0.02092218,0.020205381,0,0.776920562,0.689614302,0.347363434,9.87634023,0.23907415,0,0,0,0,0,0,1.0957,4.1368,0,2.682,0,0,2.0388,4.28986061,1.86419408,1.247191961,0.155810431,0.441,0,0,5.995,0,0,0,0,0
ROUTE6,12/8/2015,8.228977643,0.014220388,0,0.036957099,0,0,0,0,-0.070753327,-0.02092218,0.047350301,-0.025190249,3.044522438,0.776920562,0.941204277,8.85622847,0.35984418,0,0,0,0,0,0,1.0957,4.9609,4.1368,0,0,0,0,1.54110441,4.28986061,1.86419408,0.155810431,0.291,0,0,1.574,0,0,0,0,0
ROUTE6,12/15/2015,7.905810313,0.018780663,-0.320971562,0,0,0,0,0,-0.154127966,-0.02092218,0.13072494,0,4.131196303,3.044522438,1.52923259,7.83443472,0.35984418,0,0,0,0,0,0,1.0957,2.682,4.9609,4.1368,0,0,0,2.50263479,1.54110441,4.28986061,0.155810431,0.291,0,0,1.279,0,0,0,0,0
ROUTE6,12/22/2015,6.820016365,0,0,0,0,0,0,0,-0.185899268,-0.02092218,0.162496242,-0.648695418,4.756012668,4.131196303,1.546449873,0,0.35984418,3.018286738,0,0,0,0,0,1.0957,0,2.682,4.9609,0,0,0,2.50263479,2.50263479,1.54110441,0.022989518,0.291,0,0,1.987,0,0,0,0,0
ROUTE7,1/1/2013,7.518607217,0,0,0,0,0,0,0,-0.545813238,-0.366349755,0.177618644,-0.568849464,0,0,2.29782184,0,0.13105649,0,0,0,0,0,0,0,0,0,0,0,0,0,2.98109521,0,0,0,0.224,0,0,0,0,0,0,0,0
ROUTE7,1/8/2013,7.802618063,0,-0.031698913,0,0,0,0,0,-0.368194595,-0.366349755,0,0,0.654803825,0,2.32129244,0,0.69067227,0,0,0,0,0,0,0.9765,0,0,0,0,0,0,0,2.98109521,0,0,0.784,0,2.936,0.028,0,0,0,0,0
ROUTE7,1/15/2013,7.787382026,0.00706765,-0.078911185,0,0,0,0,0,-0.425936283,-0.366349755,0.057741688,0,1.024343545,0.654803825,1.9739773,0,0.69067227,0,0,0,0,0,0,0,0,0,0,0,0,0,0,0,2.98109521,0,0.784,7.411,0,0.719,0,0,0,0,0
ROUTE7,1/22/2013,7.734558844,0.018616193,-0.114085141,0,0,0,0,0,-0.401894333,-0.366349755,0.033699738,-0.09237332,0.859206075,1.024343545,1.97360305,0,0.69067227,0,0,0,0,0,0,0,0,0,0,0,0,0,0,0,0,0,0.784,4.504,1.624,0.719,0,0,0,0,0
ROUTE7,1/29/2013,7.850493181,0.035101744,-0.071161315,0,0,0,0,0,-0.42774606,-0.366349755,0.059551465,0,0.760571424,0.859206075,2.08198672,0,0.66216028,0,0,0,0,0,0,0,0,0,0,0,0,0,0,0,0,0,0.785,7.284,0,0.719,0,0,0,0,0
ROUTE7,2/5/2013,7.878155337,0.027198647,-0.014583091,0,0,0,0,0,-0.382549136,-0.366349755,0.014354541,-0.029852963,0.5392577,0.760571424,2.19025601,0,0.47156361,0,0,0,0,0,0,0.4506,0,0,0,0,0,0,0,0,0,0,0.794,6.824,2.44,0.834,0,0,0,0,0
ROUTE7,2/12/2013,7.8671055,0.032622823,-0.013461754,0,0,0,0,0,-0.407247007,-0.366349755,0.039052413,-0.007380107,0.484784139,0.5392577,2.17665519,0,0.47156361,0,0,0,0,0,0,0.4506,0,0,0,0,0,0,0,0,0,0,0.794,8.781,3.072,0.834,0,0,0,0,0
ROUTE7,2/19/2013,7.826842098,0.048432905,-0.048807283,0,0,0,0,0,-0.294218999,-0.292374159,0,-0.09237332,0.360585782,0.484784139,2.10030547,0,0.47156361,0,0,0,0,0,0,0.4506,0,0,0,0,0,0,0,0,0,0,0.794,10.307,1.328,0.834,0,0,0,0,0
ROUTE7,2/26/2013,7.887584032,0.046684332,0,0.050242267,0,0,0,0,-0.218519598,-0.216674758,0,0,0.519875459,0.360585782,2.00821898,0,0.46297348,0,0,0,0,0,0,0.4506,0,0,0,0,0,0,0,0,0,0.014598799,0.762,0,0,0.834,0,0,0,0,0
ROUTE7,3/5/2013,7.994294986,0.032938359,0,0.106353753,0,0,0,0,-0.265156255,-0.216674758,0.046636657,0,1.046603785,0.519875459,2.0118178,0,0.40982291,2.220971298,0,0,0,0,0,0.4506,4.7738,0,0,2.9766,0,0,0,0,0,0.137201122,0.541,0,1.741,0.081,0,0,0,0,0
ROUTE7,3/12/2013,7.98480339,0.028616969,0,0.063854683,0,0,0,0,-0.20157005,-0.19972521,0,0,0.817180237,1.046603785,1.90902131,0,0.40982291,3.883681838,2.220971298,0,0,0,0,0.556,2.7495,4.7738,0,2.9766,2.9766,0,0,0,0,0.137201122,0.541,0,0,0.081,0,0,0,0,0
ROUTE7,3/19/2013,7.903965634,0,0,0.005589006,0,0,0,0,-0.283481077,-0.19972521,0.081911027,0,1.047428981,0.817180237,1.19395443,0,0.40982291,3.332815448,3.883681838,2.220971298,0,0,0,0.556,4.9435,2.7495,4.7738,2.9766,2.9766,2.9766,2.5355022,0,0,0.137201122,0.541,0,1.426,0.081,0,0,0,0,0
ROUTE7,3/26/2013,7.967626739,0,0,0.094335599,0,0,0,0,-0.377019607,-0.19972521,0.175449557,0,0.817872278,1.047428981,0.85767065,0,0.40982291,0,3.332815448,3.883681838,2.220971298,0,0,0.556,0,4.9435,2.7495,0,2.9766,2.9766,0,2.5355022,0,0.137201122,0.541,0,0,0.081,0,0,0,0,0
ROUTE7,4/2/2013,7.770645234,0,0,0.144339393,0,0,0,0,-0.119340196,-0.117495356,0,-0.025975486,0.738348287,0.817872278,0.96843907,0,0.6079365,0,0,3.332815448,3.883681838,2.220971298,0,0.556,1.8322,0,4.9435,0,0,2.9766,1.216531225,0,2.5355022,0.137201122,0.442,6.486,0,0.773,0,0,0,0,0
ROUTE7,4/9/2013,7.826842098,0,0,0.125673278,0,0,0,0,-0.107843519,-0.105998679,0,0,0.863180907,0.738348287,1.04752895,0,0.67735932,3.125597738,0,0,3.332815448,3.883681838,2.220971298,2.2132,4.9435,1.8322,0,3.034,0,0,1.67618516,1.216531225,0,0.137201122,0.399,7.901,1.184,0.665,0,0,0,0,0
ROUTE7,4/16/2013,8.038512021,0.013537388,0,0.157499805,0,0,0,0,-0.208486462,-0.105998679,0.100642943,0,0.96164164,0.863180907,0.9084987,0,0.67735932,3.162619438,3.125597738,0,0,3.332815448,3.883681838,2.2132,2.5253,4.9435,1.8322,3.034,3.034,0,0,1.67618516,1.216531225,0.137201122,0.399,8.271,0,0.665,0,0,0,0,0
ROUTE7,4/23/2013,8.125926803,0.002967525,0,0.189605959,0,0,0,0,-0.3301293,-0.105998679,0.222285781,0,1.25678532,0.96164164,1.02926352,0,0.67735932,3.162619438,3.162619438,3.125597738,0,0,3.332815448,2.2132,4.7333,2.5253,4.9435,3.034,3.034,3.034,1.74454094,0,1.67618516,0.137201122,0.399,8.554,1.021,0,0,0,0,0,0
ROUTE7,4/30/2013,7.762170607,0,0,0.111232852,0,0,0,0,-0.105545508,-0.103700668,0,0,0.857545221,1.25678532,1.0684381,0,0.64214698,0,3.162619438,3.162619438,3.125597738,0,0,2.2132,2.9308,4.7333,2.5253,0,3.034,3.034,4.02688681,1.74454094,0,0.137201122,0.906,8.533,0,0,0,0,0,0,0
ROUTE7,5/7/2013,7.830822995,0,0,0.233840437,0,0,0,0,-0.081087453,-0.103700668,0,0,0.9610423,0.857545221,1.1527319,0,0.59318132,0,0,3.162619438,3.162619438,3.125597738,0,1.9389,3.4914,2.9308,4.7333,0,0,3.034,2.53547936,4.02688681,1.74454094,0.137201122,1.331,8.69,1.446,0,0,0,0,0,0
ROUTE7,5/14/2013,7.892825526,0,0,0.198267066,0,0,0,0,-0.099152202,-0.097307362,0,-0.012903405,1.076958419,0.9610423,1.26091389,0,0.59318132,3.154995218,0,0,3.162619438,3.162619438,3.125597738,2.3468,4.8876,3.4914,2.9308,3.034,0,0,1.188212316,2.53547936,4.02688681,0.137201122,1.331,9.119,0,0,0,0,0,0,0
ROUTE7,5/21/2013,7.957527402,0,0,0.155957239,0,0,0,0,-0.19830207,-0.129082553,0.067374677,0,1.180822888,1.076958419,1.42411392,0,0.59318132,3.154995218,3.154995218,0,0,3.162619438,3.162619438,2.3468,4.1756,4.8876,3.4914,3.034,3.034,0,2.95524333,1.188212316,2.53547936,0.137201122,1.331,8.852,1.784,0,0,0,0,0,0
ROUTE7,5/28/2013,7.887959337,0,0,0.16396068,0,0,0,0,-0.157185045,-0.129082553,0.026257652,-0.09402895,0.745439192,1.180822888,1.24194541,0,0.59318132,0,3.154995218,3.154995218,0,0,3.162619438,2.255,0,4.1756,4.8876,0,3.034,3.034,3.76845532,2.95524333,1.188212316,0.137201122,1.331,8.912,0,0.032,0,0,0,0,0
ROUTE7,6/4/2013,8.03592637,0.002356665,0,0.207303138,0,0,0,0,-0.174410183,-0.129082553,0.04348279,0,0.596111375,0.745439192,1.34957029,0,0.56416793,0,0,3.154995218,3.154995218,0,0,1.4238,3.8547,0,4.1756,0,0,3.034,2.39337993,3.76845532,2.95524333,0.137201122,1.311,7.6,1.822,0.807,0,0,0,0,0
ROUTE7,6/11/2013,7.985824666,0.007318848,0,0.148988809,0,0,0,0,-0.185623822,-0.129082553,0.054696428,0,0.541996177,0.596111375,1.39908736,0,0.56416793,0,0,0,3.154995218,3.154995218,0,1.4238,0,3.8547,0,0,0,0,0,2.39337993,3.76845532,0.199332903,1.311,0,0,0.807,0,0,0,0,0
ROUTE7,6/18/2013,7.966586698,0.012703356,0,0.098564983,0,0,0,0,-0.197065019,-0.129082553,0.066137626,0,0.642925742,0.541996177,1.35359235,0,0.56416793,0.557353058,0,0,0,3.154995218,3.154995218,1.4238,0,0,3.8547,0,0,0,0.965081943,0,2.39337993,0.246400413,1.311,0,1.021,0.115,0,0,0,0,0
ROUTE7,6/25/2013,7.825644732,0.000931377,-0.00532108,0,0,0,0,0,-0.219439083,-0.129082553,0.08851169,0,1.558969224,0.642925742,1.40720678,0,0.56416793,0.557353058,0.557353058,0,0,0,3.154995218,0.8173,2.0299,0,0,0,0,0,1.67618516,0.965081943,0,0.246400413,1.311,0,0,0,0,0,0,0,0
ROUTE7,7/2/2013,7.594884387,0,-0.094849896,0,0,0,0,0,-0.142450442,-0.129082553,0.011523049,-0.637266722,0.547450736,1.558969224,1.01393687,0,0.45824685,0.586349738,0.557353058,0.557353058,0,0,0,0.8173,0,2.0299,0,0,0,0,3.96048314,1.67618516,0.965081943,0.246400413,0.699,0,0,0,0,0,0,0,0
ROUTE7,7/9/2013,8.04205641,0,0,0.148920145,0,0,0,0,-0.167427128,-0.129082553,0.036499735,0,0.704059214,0.547450736,1.29863722,0,0.41252365,0.586349738,0.586349738,0.557353058,0.557353058,0,0,0.8173,0,0,2.0299,0,0,0,0,3.96048314,1.67618516,0.246400413,0.287,0,2,4.805,0,0,0,0,0
ROUTE7,7/16/2013,8.006034179,0.002429441,0,0.173828437,0,0,0,0,-0.130927393,-0.129082553,0,0,0.670558544,0.704059214,1.22048774,0,0.41252365,0,0.586349738,0.586349738,0.557353058,0.557353058,0,0.8173,0,0,0,0,0,0,1.77618912,0,3.96048314,0.246400413,0.287,0,0,4.383,0,0,0,0,0
ROUTE7,7/23/2013,7.919719761,0,0,0.104164904,0,0,0,0,-0.172549504,-0.129082553,0.041622111,0,0.64457251,0.670558544,1.19727714,0,0.41252365,0,0,0.586349738,0.586349738,0.557353058,0.557353058,0.4506,0,0,0,0,0,0,1.67685922,1.77618912,0,0.246400413,0.287,0,1.714,4.86,0,0,0,0,0
ROUTE7,7/30/2013,7.950502435,0.014334705,0,0.069153606,0,0,0,0,-0.189170136,-0.129082553,0.058242742,0,0.582198107,0.64457251,1.27164798,0,0.38483896,0,0,0,0.586349738,0.586349738,0.557353058,0.4506,1.3368,0,0,0,0,0,1.59482718,1.67685922,1.77618912,0.246400413,0.245,0,0,0,0,0,0,0,0
ROUTE7,8/6/2013,7.952263309,0.014107437,0,0.066973474,0,0,0,0,-0.185867433,-0.129082553,0.05494004,0,0.502483717,0.582198107,1.24539634,0,0.31207613,0,0,0,0,0.586349738,0.586349738,0.4506,1.3368,1.3368,0,0,0,0,0,1.59482718,1.67685922,0.246400413,0.133,4.466,2.183,5.842,0,0,0,0,0
ROUTE7,8/13/2013,7.832807517,0.005975727,-0.016460932,0,0,0,0,0,-0.153191858,-0.129082553,0.022264465,0,0.496300582,0.502483717,1.17916568,0,0.31207613,2.220971298,0,0,0,0,0.586349738,0.4506,0,1.3368,1.3368,2.4018,0,0,0,0,1.59482718,0.246400413,0.133,6.217,0,5.368,0,0,0,0,0
ROUTE7,8/20/2013,7.842278779,0.007707007,-0.065105619,0,0,0,0,0,-0.197056823,-0.129082553,0.06612943,0,0.554677506,0.496300582,1.60722688,0,0.31207613,2.220971298,2.220971298,0,0,0,0,0.4506,0,0,1.3368,2.4018,2.4018,0,0,0,0,0.246400413,0.133,5.676,2.29,5.66,0,0,0,0,0
ROUTE7,8/27/2013,7.697121317,0,-0.100680429,0,0,0,0,0,-0.190986485,-0.129082553,0.060059092,-0.01169604,0.414825551,0.554677506,2.14308087,0,0.31207613,2.220971298,2.220971298,2.220971298,0,0,0,0.4506,1.3368,0,0,2.4018,2.4018,2.4018,3.15119629,0,0,0.234839591,0.133,6.378,0,5.551,0,0,0,0,0
ROUTE7,9/3/2013,7.924795914,0,0,0.15117819,0,0,0,0,-0.150569312,-0.129082553,0.019641919,-0.249654677,1.020396542,0.414825551,1.99908506,0,0.48572018,2.810967148,2.220971298,2.220971298,2.220971298,0,0,0.4506,4.1763,1.3368,0,2.1502,2.4018,2.4018,1.159113251,3.15119629,0,0.234839591,1.207,6.042,2.277,5.775,0,0,0,0,0
ROUTE7,9/10/2013,8.074026216,0.004208991,0,0.160657804,0,0,0,0,-0.148223167,-0.129082553,0.017295774,-0.023530497,0.356753311,1.020396542,2.00977847,0,0.51194072,2.895540918,2.810967148,2.220971298,2.220971298,2.220971298,0,0.4506,4.1756,4.1763,1.3368,2.1502,2.1502,2.4018,1.63254399,1.159113251,3.15119629,0.234839591,1.311,5.496,0,6.559,0,0,0,0,0
ROUTE7,9/17/2013,8.091321274,0.014073322,0,0.159671027,0,0,0,0,-0.168071814,-0.129082553,0.037144421,0,0.616624915,0.356753311,2.20999367,0,0.51194072,3.307234688,2.895540918,2.810967148,2.220971298,2.220971298,2.220971298,2.4705,4.8979,4.1756,4.1763,2.9771,2.1502,2.1502,2.36965325,1.63254399,1.159113251,0.234839591,1.311,8.395,1.549,5.703,0,0,0,0,0
ROUTE7,9/24/2013,8.054840221,0.012857626,0,0.150043975,0,0,0,0,-0.119276579,-0.117431739,0,0,0.475571953,0.616624915,2.31298497,0,0.51194072,3.176639248,3.307234688,2.895540918,2.810967148,2.220971298,2.220971298,2.4806,0,4.8979,4.1756,2.9356,2.9771,2.1502,1.63643157,2.36965325,1.63254399,0.234839591,1.311,7.591,0,2.57,0,0,0,0,0
ROUTE7,10/1/2013,8.001019961,0.005979817,0,0.141706422,0,0,0,0,-0.12564321,-0.117431739,0.006366631,0,0.600419869,0.475571953,2.33334622,0,0.40869303,3.150863478,3.176639248,3.307234688,2.895540918,2.810967148,2.220971298,2.4806,4.0785,0,4.8979,3.0357,2.9356,2.9771,4.18452977,1.63643157,2.36965325,0.234839591,1.297,8.269,0,5.081,0,0,0,0,0
ROUTE7,10/8/2013,7.981391582,0.006479379,0,0.070932133,0,0,0,0,-0.120750147,-0.117431739,0.001473568,0,0.452910885,0.600419869,2.27632304,0,0.32359853,2.649008198,3.150863478,3.176639248,3.307234688,2.895540918,2.810967148,2.4806,0,4.0785,0,2.2795,3.0357,2.9356,3.03678315,4.18452977,1.63643157,0.234839591,1.287,9.295,2.049,5.565,0,0,0,0,0
ROUTE7,10/15/2013,7.944846711,0.012987575,0,0.05759544,0,0,0,0,-0.132695539,-0.117431739,0.01341896,0,0.446412487,0.452910885,2.32101634,0,0.32359853,3.150863478,2.649008198,3.150863478,3.176639248,3.307234688,2.895540918,1.956,4.6169,0,4.0785,3.0542,2.2795,3.0357,1.74454094,3.03678315,4.18452977,0.234839591,1.287,8.802,0,5.204,0,0,0,0,0
ROUTE7,10/22/2013,7.973499964,0.019852775,0,0.066183328,0,0,0,0,-0.121227495,-0.117431739,0.001950916,0,0.942892981,0.446412487,2.44059616,0,0.32359853,3.150863478,3.150863478,2.649008198,3.150863478,3.176639248,3.307234688,1.9389,1.1238,4.6169,0,3.0542,3.0542,2.2795,2.0961435,1.74454094,3.03678315,0.234839591,1.287,8.825,1.549,3.173,0,0,0,0,0
ROUTE7,10/29/2013,7.935587386,0.023637544,0,0.081361606,0,0,0,0,-0.114602575,-0.112757735,0,-0.023530497,1.657481418,0.942892981,2.47821314,0,0.37918223,0,3.150863478,3.150863478,2.649008198,3.150863478,3.176639248,1.9389,4.2218,1.1238,4.6169,0,3.0542,3.0542,3.26708445,2.0961435,1.74454094,0.234839591,1.184,8.901,0,1.677,0,0,0,0,0
ROUTE7,11/5/2013,7.991592282,0.02170015,0,0.044513763,0,0,0,0,-0.152357013,-0.112757735,0.037754438,0,4.214215281,1.657481418,2.4337573,0,0.66014397,0,0,3.150863478,3.150863478,2.649008198,3.150863478,1.9389,4.3804,4.2218,1.1238,0,0,3.0542,0,3.26708445,2.0961435,0.234839591,0.139,9.249,1.426,6.109,0,0,0,0,0
ROUTE7,11/12/2013,7.832014181,0.014216177,-0.018605089,0,0,0,0,0,-0.104690441,-0.112757735,0,0,0.921917505,4.214215281,2.38785325,0,0.66014397,0,0,0,3.150863478,3.150863478,2.649008198,0.9785,4.358,4.3804,4.2218,0,0,0,0,0,3.26708445,0.234839591,0.139,8.628,0,4.308,0,0,0,0,0
ROUTE7,11/19/2013,7.721791777,0.008960507,-0.153694696,0,0,0,0,0,-0.151887771,-0.150042931,0,0,0.463812876,0.921917505,2.38984841,0,0.66014397,0,0,0,0,3.150863478,3.150863478,0.9785,2.6011,4.358,4.3804,0,0,0,0,0,0,0.234839591,0.139,9.029,1.641,4.796,0,0,0,0,0
ROUTE7,11/26/2013,7.478169694,0.011982727,-0.371270326,0,0,0,0,0,-0.156550732,-0.15365381,0.001052082,-0.472359343,0.215591596,0.463812876,2.27263816,0,0.66014397,0,0,0,0,0,3.150863478,0.9785,2.567,2.6011,4.358,0,0,0,2.22658212,0,0,0.223143551,0.139,8.266,0,5.686,0,0,0,0,0
ROUTE7,12/3/2013,7.87245515,0,-0.039551609,0,0,0,0,0,-0.15549865,-0.15365381,0,-0.011834458,2.022605775,0.215591596,2.47936407,0,0.35223598,0,0,0,0,0,0,0.9785,0.568,2.567,2.6011,0,0,0,0,2.22658212,0,0.223143551,0.124,8.691,2.377,1.843,0,0,0,0,0
ROUTE7,12/10/2013,7.693937326,0,-0.19329684,0,0,0,0,0,-0.18362385,-0.15365381,0.028125201,-0.060624622,1.336278917,2.022605775,2.38480651,0,0.29025847,0,0,0,0,0,0,0.8543,1.1238,0.568,2.567,0,0,0,0,0,2.22658212,0.223143551,0.122,5.024,0,0.908,0,0,0,0,0
ROUTE7,12/17/2013,7.290292882,0,-0.591561732,0,0,0,0,0,-0.259591817,-0.15365381,0.104093168,-0.048202102,0.961941176,1.336278917,2.15684555,0,0.29025847,0,0,0,0,0,0,0.8543,0,1.1238,0.568,0,0,0,0,0,0,0.223143551,0.122,4.267,1.659,1.856,0,0,0,0,0
ROUTE7,12/24/2013,6.624065228,0,-1.145962473,0,0,0,0,0,-0.376293277,-0.15365381,0.220794628,-0.658461623,0.637969102,0.961941176,2.30027132,0,0.29025847,0,0,0,0,0,0,0.8543,0,0,1.1238,0,0,0,0,0,0,0.223143551,0.122,5.627,0,1.856,0,0,0,0,0
ROUTE7,12/31/2013,7.208600338,0.017341914,-0.733423798,0,0,0,0,0,-0.243712193,-0.15365381,0.088213543,-0.658461623,0.375770455,0.637969102,2.49804915,0,0.3991529,0,0,0,0,0,0,2.2164,0,0,0,0,0,0,0,0,0,0.223143551,0.072,5.161,0,1.744,0,0,0,0,0
ROUTE7,1/7/2014,7.986504939,0.011209693,-0.031698913,0,0,0,0,0,-0.218416481,-0.15365381,0.062917831,-0.048202102,0.33960213,0.375770455,2.58705461,0,0.52804428,0,0,0,0,0,0,0.8732,3.4914,0,0,0,0,0,0,0,0,0.223143551,0,4.509,1.549,0.192,0,0,0,0,0
ROUTE7,1/14/2014,7.779048645,0,-0.078911185,0,0,0,0,0,-0.189701522,-0.15365381,0.034202873,-0.011834458,0.131275716,0.33960213,2.48084065,0,0.52804428,0,0,0,0,0,0,0.8732,0,3.4914,0,0,0,0,0,0,0,0.223143551,0,5.636,0,0.192,0,0,0,0,0
ROUTE7,1/21/2014,7.814399634,0.004669447,-0.114085141,0,0,0,0,0,-0.21782467,-0.15365381,0.062326021,-0.098845835,0.658461623,0.131275716,2.26558769,0,0.52804428,0,0,0,0,0,0,0.8732,0,0,3.4914,0,0,0,0,0,0,0.223143551,0,3.968,1.426,0.192,0,0,0,0,0
ROUTE7,1/28/2014,7.781555959,0,-0.071161315,0,0,0,0,0,-0.230874468,-0.15365381,0.075375818,-0.011834458,3.770813307,0.658461623,2.25841573,0,0.52804428,0,0,0,0,0,0,0.8732,1.0378,0,0,0,0,0,0,0,0,0.223143551,0,0,0,0.192,0,0,0,0,0
ROUTE7,2/4/2014,7.865571758,0,-0.014583091,0,0,0,0,0,-0.207135005,-0.15365381,0.051636355,-0.048202102,1.903720411,3.770813307,2.34033217,0,0.12622098,0,0,0,0,0,0,0.8732,0,1.0378,0,0,0,0,0,0,0,0.223143551,0.18,2.955,2.248,0.249,0,0,0,0,0
ROUTE7,2/11/2014,8.000684785,0,-0.013461754,0,0,0,0,0,-0.305370387,-0.15365381,0.149871737,0,0.627563181,1.903720411,2.49924014,0,0.12622098,0,0,0,0,0,0,0.8732,3.3642,0,1.0378,0,0,0,0,0,0,0.223143551,0.18,2.77,0,6.66,0,0,0,0,0
ROUTE7,2/18/2014,7.871692664,0,-0.048807283,0,0,0,0,0,-0.223580208,-0.15365381,0.068081559,-0.111917916,0.564084071,0.627563181,2.38069626,0,0.12622098,0,0,0,0,0,0,0.8732,0,3.3642,0,0,0,0,0,0,0,0.223143551,0.18,2.572,2.034,7.127,0,0,0,0,0
ROUTE7,2/25/2014,7.972121129,0,0,0.050242267,0,0,0,0,-0.152919453,-0.151074613,0,-0.011834458,0.346276237,0.564084071,2.54727392,0,0.12622098,0,0,0,0,0,0,0.8732,0,0,3.3642,0,0,0,0,0,0,0.223143551,0.18,0,1.808,7.285,0,0,0,0,0
ROUTE7,3/4/2014,8.046869511,0.011759578,0,0.106353753,0,0,0,0,-0.17651227,-0.151074613,0.023592817,0,0.372535951,0.346276237,2.57449603,0,0,2.588024378,0,0,0,0,0,0.8732,3.026,0,0,0,0,0,0,0,0,0.223143551,1.315,0,0,5.12,0,0,0,0,0
ROUTE7,3/11/2014,7.979338895,0.007303256,0,0.063854683,0,0,0,0,-0.158013225,-0.151074613,0.005093772,0,0.455399067,0.372535951,2.52358372,0,0,2.588024378,2.588024378,0,0,0,0,2.3544,3.4914,3.026,0,2.2753,0,0,1.058627126,0,0,0.223143551,1.315,0,0,4.329,0,0,0,0,0
ROUTE7,3/18/2014,7.899153483,0.008303167,0,0.005589006,0,0,0,0,-0.173844944,-0.151074613,0.020925492,0,0.753956185,0.455399067,2.37135094,1.359143372,0,2.518412068,2.588024378,2.588024378,0,0,0,2.3544,0,3.4914,3.026,2.2753,2.2753,0,2.90229503,1.058627126,0,0.223143551,1.315,0,1.549,2.296,0,0,0,0,0
ROUTE7,3/25/2014,7.935587386,0.015303814,0,0.094335599,0,0,0,0,-0.162455376,-0.151074613,0.009535924,0,0.673759828,0.753956185,2.45328579,11.56021246,0,0,2.518412068,2.588024378,2.588024378,0,0,2.3544,3.3299,0,3.4914,0,2.2753,2.2753,0,2.90229503,1.058627126,0.223143551,1.315,3.581,0,1.95,0,0,0,0,0
ROUTE7,4/1/2014,8.0730912,0.024801389,0,0.144339393,0,0,0,0,-0.195710898,-0.151074613,0.042791446,0,0.643337688,0.673759828,2.44729945,11.5883973,0.10877986,0,0,2.518412068,2.588024378,2.588024378,0,2.6424,3.026,3.3299,0,0,0,2.2753,3.96250215,0,2.90229503,0.223143551,1.329,0,2.65,0.206,0,0,0,0,0
ROUTE7,4/8/2014,7.951911382,0.006958244,0,0.125673278,0,0,0,0,-0.091515116,-0.089670276,0,-0.011834458,0.49820716,0.643337688,2.31198325,11.83927083,0.1832416,2.761079338,0,0,2.518412068,2.588024378,2.588024378,2.3476,4.6167,3.026,3.3299,2.3535,0,0,2.19787554,3.96250215,0,0.223143551,1.34,2.302,1.785,0,0,0,0,0,0
ROUTE7,4/15/2014,7.948031991,0,0,0.157499805,0,0,0,0,-0.13331196,-0.089670276,0.041796844,-0.005899722,0.767143189,0.49820716,2.31512138,12.24334589,0.1832416,2.761079338,2.761079338,0,0,2.518412068,2.588024378,2.3152,3.3299,4.6167,3.026,2.3535,2.3535,0,2.66634753,2.19787554,3.96250215,0.223143551,1.34,3.157,0,0,0,0,0,0,0
ROUTE7,4/22/2014,8.01763716,0,0,0.189605959,0,0,0,0,-0.088644614,-0.086799774,0,-0.054394072,0.40441963,0.767143189,2.31148863,12.12475819,0.1832416,2.584232578,2.761079338,2.761079338,0,0,2.518412068,2.3152,0,3.3299,4.6167,2.3535,2.3535,2.3535,1.99034219,2.66634753,2.19787554,0.223143551,1.34,1.874,1.021,0,0,0,0,0,0
ROUTE7,4/29/2014,7.965545573,0,0,0.111232852,0,0,0,0,-0.102914088,-0.086799774,0.014269474,-0.011834458,0.392846644,0.40441963,2.31991946,12.12871864,0.25299211,0.154141905,2.584232578,2.761079338,2.761079338,0,0,2.0206,3.3299,0,3.3299,0,2.3535,2.3535,4.05565635,1.99034219,2.66634753,0.223143551,1.119,3.897,0,0,0,0,0,0,0
ROUTE7,5/6/2014,8.064636476,0,0,0.233840437,0,0,0,0,-0.028775472,-0.026930632,0,-0.011834458,0.368749093,0.392846644,1.84745405,12.38021171,0.40865636,2.584232578,0.154141905,2.584232578,2.761079338,2.761079338,0,1.3564,4.8996,3.3299,0,2.3549,0,2.3535,3.12348073,4.05565635,1.99034219,0.223143551,0.163,2.583,3.052,0.057,0,0,0,0,0
ROUTE7,5/13/2014,8.096208272,0,0,0.198267066,0,0,0,0,-0.033482703,-0.026930632,0.004707231,-0.048202102,0.207982174,0.368749093,0.88521652,12.48489672,0.40865636,2.584232578,2.584232578,0.154141905,2.584232578,2.761079338,2.761079338,1.2018,3.5303,4.8996,3.3299,2.4017,2.3549,0,2.1206951,3.12348073,4.05565635,0.223143551,0.163,3.441,1.957,0.057,0,0,0,0,0
ROUTE7,5/20/2014,8.002359546,0,0,0.155957239,0,0,0,0,-0.05900592,-0.026930632,0.030230447,-0.011834458,0.71178126,0.207982174,0.81272508,12.35922543,0.40865636,0.154141905,2.584232578,2.584232578,0.154141905,2.584232578,2.761079338,1.2018,2.246,3.5303,4.8996,0,2.4017,2.3549,1.65119663,2.1206951,3.12348073,0.223143551,0.163,0,0,0.057,0,0,0,0,0
ROUTE7,5/27/2014,7.992944547,0.011836743,0,0.16396068,0,0,0,0,-0.002580473,-0.000735633,0,-0.125163143,0.448916871,0.71178126,0.66062679,12.41702027,0.40865636,0.154141905,0.154141905,2.584232578,2.584232578,0.154141905,2.584232578,1.0509,2.6846,2.246,3.5303,0,0,2.4017,2.86723259,1.65119663,2.1206951,0.223143551,0.163,2.554,0,0.057,0,0,0,0,0
ROUTE7,6/3/2014,7.989221409,0.01067623,0,0.207303138,0,0,0,0,0,-0.000735633,0,-0.011834458,0.413789818,0.448916871,0.59945944,12.51089624,0.5174301,0,0.154141905,0.154141905,2.584232578,2.584232578,0.154141905,1.0509,1.9355,2.6846,2.246,0,0,0,0,2.86723259,1.65119663,0.223143551,0.304,0,3.056,0.153,0,0,0,0,0
ROUTE7,6/10/2014,8.010691539,0.01643156,0,0.148988809,0,0,0,0,-0.040797415,0,0.038952574,0,0.364403621,0.413789818,1.70921874,12.45816788,0.53446201,0,0,0.154141905,0.154141905,2.584232578,2.584232578,1.0509,2.1557,1.9355,2.6846,0,0,0,3.2795683,0,2.86723259,0.234839591,0.326,0,0,6.238,0,0,0,0,0
ROUTE7,6/17/2014,7.917171989,0.02480237,0,0.098564983,0,0,0,0,-0.00184484,0,0,0,0.520341334,0.364403621,2.52798124,12.77823471,0.53446201,0,0,0,0.154141905,0.154141905,2.584232578,1.0509,1.7743,2.1557,1.9355,0,0,0,1.71649327,3.2795683,0,0.234839591,0.326,0,0,6.006,0,0,0,0,0
ROUTE7,6/24/2014,7.866338923,0.035033431,-0.00532108,0,0,0,0,0,-0.027398833,-0.002851378,0.022702614,0,0.450416496,0.520341334,2.60226501,10.75301481,0.53446201,0,0,0,0,0.154141905,0.154141905,0.8732,1.9908,1.7743,2.1557,0,0,0,0,1.71649327,3.2795683,0.234839591,0.326,0,0,5.991,0,0,0,0,0
ROUTE7,7/1/2014,7.674152921,0.018645173,-0.094849896,0,0,0,0,0,-0.071127857,-0.002851378,0.066431639,-0.376809852,0.459862253,0.450416496,2.49783897,3.404762448,0.42455433,0,0,0,0,0,0.154141905,0.8732,0.2718,1.9908,1.7743,0,0,0,2.43411809,0,1.71649327,0.234839591,0.592,0,0,5.92,0,0,0,0,0
ROUTE7,7/8/2014,7.926963545,0.010991324,0,0.148920145,0,0,0,0,-0.024964205,-0.002851378,0.020267987,0,0.542451862,0.459862253,2.62498927,2.929287174,0.33339115,0,0,0,0,0,0,0.8732,0.8074,0.2718,1.9908,0,0,0,0,2.43411809,0,0.246400413,0.754,0,2.691,6.448,0,0,0,0,0
ROUTE7,7/15/2014,8.022568947,0.022743186,0,0.173828437,0,0,0,0,-0.017399204,-0.002851378,0.012702985,0,0.442392381,0.542451862,2.29748891,2.327277706,0.33339115,0,0,0,0,0,0,0.8732,1.7743,0.8074,0.2718,0,0,0,0,0,2.43411809,0.246400413,0.754,0,0,6.388,0,0,0,0,0
ROUTE7,7/22/2014,7.942362238,0.019156686,0,0.104164904,0,0,0,0,-0.013895894,-0.002851378,0.009199676,0,0.306123826,0.442392381,2.01138986,2.269914311,0.33339115,0,0,0,0,0,0,0.8732,1.9908,1.7743,0.8074,0,0,0,0,0,0,0.246400413,0.754,0,0,5.217,0,0,0,0,0
ROUTE7,7/29/2014,7.843848638,0.006336502,0,0.069153606,0,0,0,0,-0.012047888,-0.002851378,0.00735167,0,0.471178487,0.306123826,2.68208822,9.03577012,0.32283191,0,0,0,0,0,0,0.8732,0,1.9908,1.7743,0,0,0,1.84589159,0,0,0.246400413,0.688,0,0,0,0,0,0,0,0
ROUTE7,8/5/2014,7.841099765,0,0,0.066973474,0,0,0,0,-0.020413512,-0.002851378,0.015717294,0,0.500585282,0.471178487,2.57556511,8.8983217,0.25702209,0.287666617,0,0,0,0,0,0.8732,0.2718,0,1.9908,0,0,0,1.71649327,1.84589159,0,0.246400413,0.163,0,2.304,0,0,0,0,0,0
ROUTE7,8/12/2014,7.829630389,0.006492645,-0.016460932,0,0,0,0,0,-0.045214275,-0.002851378,0.040518056,0,0.334006144,0.500585282,2.55857492,9.50235945,0.25702209,0.287666617,0.287666617,0,0,0,0,0.8732,4.2624,0.2718,0,0,0,0,0,1.71649327,1.84589159,0.246400413,0.163,0,0.693,0,0,0,0,0,0
ROUTE7,8/19/2014,7.768533301,0.012709868,-0.065105619,0,0,0,0,0,-0.055537792,-0.002851378,0.050841574,0,1.213721371,0.334006144,2.63998575,7.91281537,0.25702209,0.287666617,0.287666617,0.287666617,0,0,0,0.8732,2.5505,4.2624,0.2718,0,0,0,1.041475518,0,1.71649327,0.246400413,0.163,0,0,0,0,0,0,0,0
ROUTE7,8/26/2014,7.748460024,0.012416103,-0.100680429,0,0,0,0,0,-0.115853399,-0.002851378,0.111157181,0,0.567200031,1.213721371,2.59587773,2.351375257,0.25702209,0.287666617,0.287666617,0.287666617,0.287666617,0,0,0.8732,0,2.5505,4.2624,0,0,0,2.90286865,1.041475518,0,0.234839591,0.163,0,0,3.025,0,0,0,0,0
ROUTE7,9/2/2014,7.867488569,0.002101143,0,0.15117819,0,0,0,0,-0.037960219,-0.002851378,0.033264001,-0.244453338,0.437344414,0.567200031,2.56297996,2.169053701,0.15005948,0.287666518,0.287666617,0.287666617,0.287666617,0.287666617,0,0.8732,0.2718,0,2.5505,0,0,0,3.70326669,2.90286865,1.041475518,0.199332903,1.66,0,0,5.847,0,0,0,0,0
ROUTE7,9/9/2014,7.875119281,0,0,0.160657804,0,0,0,0,-0.004696218,-0.002851378,0,-0.036813973,0.223143551,0.437344414,2.57487779,11.79696009,0.10385107,0.287666518,0.287666518,0.287666617,0.287666617,0.287666617,0.287666617,0.8732,1.8322,0.2718,0,0,0,0,0,3.70326669,2.90286865,0.199332903,1.93,0,3.105,6.484,0,0,0,0,0
ROUTE7,9/16/2014,7.861341796,0,0,0.159671027,0,0,0,0,-0.052487735,-0.028607502,0.022035393,0,0.195169699,0.223143551,2.58665212,12.67047535,0.10385107,0.287666518,0.287666518,0.287666518,0.287666617,0.287666617,0.287666617,1.6051,3.4071,1.8322,0.2718,0,0,0,1.70542219,0,3.70326669,0.199332903,1.93,0,0,5.209,0,0,0,0,0
ROUTE7,9/23/2014,7.848153086,0,0,0.150043975,0,0,0,0,-0.083419763,-0.028607502,0.052967421,-0.075035186,0.856214549,0.195169699,2.56023616,12.91851935,0.10385107,0,0.287666518,0.287666518,0.287666518,0.287666617,0.287666617,1.701,3.5214,3.4071,1.8322,0,0,0,2.60674349,1.70542219,0,0.199332903,1.93,0,0,1.159,0,0,0,0,0
ROUTE7,9/30/2014,7.933796875,0.006378552,0,0.141706422,0,0,0,0,-0.089857362,-0.028607502,0.05940502,0,0.39496081,0.856214549,2.54104531,12.88776799,0.22579185,0,0,0.287666518,0.287666518,0.287666518,0.287666617,1.701,3.3326,3.5214,3.4071,0.4107,0,0,3.38742015,2.60674349,1.70542219,0.199332903,1.694,0,0,6.288,0,0,0,0,0
ROUTE7,10/7/2014,7.80710329,0,0,0.070932133,0,0,0,0,-0.060532305,-0.028607502,0.030079963,0,0.399175779,0.39496081,2.39767781,12.99782789,0.368216,0,0,0,0.287666518,0.287666518,0.287666518,1.701,4.8296,3.3326,3.5214,0.4107,0.4107,0,3.16931416,3.38742015,2.60674349,0.199332903,1.255,0,3.135,6.404,0,0,0,0,0
ROUTE7,10/14/2014,7.738923757,0,0,0.05759544,0,0,0,0,-0.030452342,-0.028607502,0,0,0.377920994,0.399175779,2.30595123,13.01822917,0.368216,0,0,0,0,0.287666518,0.287666518,1.5176,3.6013,4.8296,3.3326,0,0.4107,0.4107,1.65439246,3.16931416,3.38742015,0.199332903,1.255,0,1.994,6.115,0,0,0,0,0
ROUTE7,10/21/2014,7.755338813,0,0,0.066183328,0,0,0,0,-0.063166354,-0.061321514,0,0,0.551522219,0.377920994,2.25499034,12.74432762,0.368216,0,0,0,0,0,0.287666518,2.1332,4.7402,3.6013,4.8296,0,0,0.4107,2.2468763,1.65439246,3.16931416,0.199332903,1.255,0,0.947,6.129,0,0,0,0,0
ROUTE7,10/28/2014,7.877017896,0.003579278,0,0.081361606,0,0,0,0,-0.160546679,-0.14947343,0.009228409,-0.114775515,0.410676167,0.551522219,1.97641413,13.11517295,0.368216,0,0,0,0,0,0,2.1332,3.5648,4.7402,3.6013,0.0053,0,0,4.03223379,2.2468763,1.65439246,0.199332903,1.255,0,0.947,5.756,0,0,0,0,0
ROUTE7,11/4/2014,7.846198815,0.001532085,0,0.044513763,0,0,0,0,-0.15131827,-0.14947343,0,-0.024391453,0.515672791,0.410676167,1.99876839,13.06332634,0.32076459,0,0,0,0,0,0,2.1473,4.2434,3.5648,4.7402,0.0053,0.0053,0,0,4.03223379,2.2468763,0.199332903,0.602,0,3.814,5.855,0,0,0,0,0
ROUTE7,11/11/2014,7.799343398,0.003613782,-0.018605089,0,0,0,0,0,-0.15881624,-0.1569714,0,0,0.378457907,0.515672791,2.01691448,11.29165471,0.32076459,0,0,0,0,0,0,2.1473,3.7488,4.2434,3.5648,1.7145,0.0053,0.0053,2.90407811,0,4.03223379,0.199332903,0.602,0,0,6.429,0,0,0,0,0
ROUTE7,11/18/2014,7.700295203,0.003585284,-0.153694696,0,0,0,0,0,-0.23350576,-0.179609227,0.052051693,0,0.405987438,0.378457907,2.00015172,11.26464495,0.32076459,0,0,0,0,0,0,2.1473,4.4021,3.7488,4.2434,1.5148,1.7145,0.0053,0.637743944,2.90407811,0,0.199332903,0.602,0,0,6.03,0,0,0,0,0
ROUTE7,11/25/2014,7.397561536,0,-0.371270326,0,0,0,0,0,-0.270605783,-0.179609227,0.089151716,-0.244453338,0.927512795,0.405987438,1.57716765,9.35615847,0.32076459,0,0,0,0,0,0,2.1473,0.9732,4.4021,3.7488,1.5148,1.5148,1.7145,1.139459387,0.637743944,2.90407811,0.199332903,0.602,0,0,1.571,0,0,0,0,0
ROUTE7,12/2/2014,7.83715965,0,-0.039551609,0,0,0,0,0,-0.226345371,-0.179609227,0.044891304,0,0.562745681,0.927512795,1.90634667,2.404367787,0.4166349,0,0,0,0,0,0,2.1473,0.912,0.9732,4.4021,1.5148,1.5148,1.5148,2.78835584,1.139459387,0.637743944,0.199332903,0.305,0,0,1.272,0,0,0,0,0
ROUTE7,12/9/2014,7.69802917,0.016688234,-0.19329684,0,0,0,0,0,-0.181454067,-0.179609227,0,-0.036367644,1.533592237,0.562745681,2.11420239,2.255044148,0.45254945,0,0,0,0,0,0,1.931,0.9732,0.912,0.9732,0,1.5148,1.5148,0,2.78835584,1.139459387,0.211309094,0.157,0,3.349,1.004,0,0,0,0,0
ROUTE7,12/16/2014,7.291656209,0.019786488,-0.591561732,0,0,0,0,0,-0.302673716,-0.227758069,0.073070807,0,1.355051147,1.533592237,1.53705639,1.779783278,0.45254945,0,0,0,0,0,0,1.1038,0,0.9732,0.912,0,0,1.5148,0,0,2.78835584,0.211309094,0.157,0,0,1.24,0,0,0,0,0
ROUTE7,12/23/2014,6.785587645,0.026085809,-1.145962473,0,0,0,0,0,-0.488923073,-0.227758069,0.259320163,-0.663646516,0.759471919,1.355051147,1.83962428,1.61655538,0.45254945,0,0,0,0,0,0,1.1038,2.2993,0,0.9732,0,0,0,0,0,0,0.205338927,0.157,0,0,2.284,0,0,0,0,0
ROUTE7,12/30/2014,7.170888479,0.012621398,-0.733423798,0,0,0,0,0,-0.443276589,-0.227758069,0.21367368,-0.663646516,0.457385165,0.759471919,0,0,0.43694067,0,0,0,0,0,0,1.1038,0,2.2993,0,0,0,0,0,0,0,0.205338927,0.115,0,1.032,1.2,0,0,0,0,0
ROUTE7,1/6/2015,7.986504939,0.022631121,-0.031698913,0,0,0,0,0,-0.379352327,-0.227758069,0.149749417,-0.04908961,0.252793654,0.457385165,1.83925129,0,0.39681834,0,0,0,0,0,0,1.1022,0.9732,0,2.2993,0,0,0,0,0,0,0.205338927,0.003,0,2.056,0.793,0,0,0,0,0
ROUTE7,1/13/2015,8.02059915,0.038333003,-0.078911185,0,0,0,0,0,-0.379487102,-0.227758069,0.149884193,-0.030397477,0.549262331,0.252793654,1.78929447,0,0.39681834,0,0,0,0,0,0,1.1022,0.1009,0.9732,0,0,0,0,0,0,0,0.205338927,0.003,0,0,0.793,0,0,0,0,0
ROUTE7,1/20/2015,7.896552702,0.025992517,-0.114085141,0,0,0,0,0,-0.370220527,-0.227758069,0.140617617,-0.068137805,0.547450736,0.549262331,2.50061943,0,0.39681834,0,0,0,0,0,0,1.1022,0.9732,0.1009,0.9732,0,0,0,0,0,0,0.205338927,0.003,0,0,0.793,0,0,0,0,0
ROUTE7,1/27/2015,7.917900586,0.028665038,-0.071161315,0,0,0,0,0,-0.333037521,-0.227758069,0.103434612,-0.030397477,0.293932093,0.547450736,2.17154851,0,0.39681834,0,0,0,0,0,0,1.1022,0,0.9732,0.1009,0,0,0,0,0,0,0.205338927,0.003,0,0,2.613,0,0,0,0,0
ROUTE7,2/3/2015,7.974188669,0.043306679,-0.014583091,0,0,0,0,0,-0.229602909,-0.227758069,0,-0.068137805,0.129211731,0.293932093,2.3443421,0,0.51505446,0,0,0,0,0,0,1.1022,0,0,0.9732,0,0,0,0,0,0,0.205338927,0.24,0,0,2.71,0,0,0,0,0
ROUTE7,2/10/2015,8.053887084,0.031234909,-0.013461754,0,0,0,0,0,-0.377193151,-0.227758069,0.147590242,-0.036589447,0.116737557,0.129211731,1.97070744,0,0.53346949,0,0,0,0,0,0,1.1022,3.4914,0,0,0,0,0,0,0,0,0.205338927,0.274,0,0,0,0,0,0,0,0
ROUTE7,2/17/2015,8.040124664,0.010380743,-0.048807283,0,0,0,0,0,-0.396287899,-0.227758069,0.16668499,-0.061748007,0.182190932,0.116737557,2.07172138,11.22346562,0.53346949,0,0,0,0,0,0,1.1022,0,3.4914,0,0,0,0,0,0,0,0.205338927,0.274,0,0,0,0,0,0,0,0
ROUTE7,2/24/2015,8.103494278,0,0,0.050242267,0,0,0,0,-0.386224931,-0.227758069,0.156622021,-0.018127385,0.184148518,0.182190932,2.21909324,12.03940246,0.53346949,0,0,0,0,0,0,1.2995,0,0,3.4914,0,0,0,1.75586224,0,0,0.205338927,0.274,0,0,0,0,0,0,0,0
ROUTE7,3/3/2015,8.168486417,0,0,0.106353753,0,0,0,0,-0.328595421,-0.227758069,0.098992512,0,1.24444364,0.184148518,1.71565347,12.35406753,0.43364512,0,0,0,0,0,0,1.5453,0,0,0,2.2279,0,0,0,1.75586224,0,0.205338927,0.188,0,0,0,0,0,0,0,0
ROUTE7,3/10/2015,8.058643712,0.012655216,0,0.063854683,0,0,0,0,-0.276639357,-0.227758069,0.047036448,-0.006006024,0.807441029,1.24444364,1.58235348,12.09141748,0.41599411,0,0,0,0,0,0,1.6403,0,0,0,2.2279,2.2279,0,1.247191961,0,1.75586224,0.205338927,0.173,0,0,4.719,0,0,0,0,0
ROUTE7,3/17/2015,8.105609402,0.047686167,0,0.005589006,0,0,0,0,-0.317745556,-0.227758069,0.088142647,-0.006006024,0.827510907,0.807441029,2.10583764,12.39884933,0.41599411,0,0,0,0,0,0,1.505,2.1935,0,0,0,2.2279,2.2279,3.23553567,1.247191961,0,0.205338927,0.173,0,0,5.369,0,0,0,0,0
ROUTE7,3/24/2015,8.191186005,0.066466549,0,0.094335599,0,0,0,0,-0.315786293,-0.227758069,0.086183383,-0.006006024,0.230638902,0.827510907,1.56257776,12.56088623,0.41599411,0,0,0,0,0,0,1.382,3.6541,2.1935,0,0,0,2.2279,1.86419408,3.23553567,1.247191961,0.205338927,0.173,0,0,0,0,0,0,0,0
ROUTE7,3/31/2015,8.172164452,0.082445607,0,0.144339393,0,0,0,0,-0.312537314,-0.227758069,0.082934405,-0.006006024,0.675755438,0.230638902,2.05999792,12.55960754,0.48978829,0,0,0,0,0,0,1.6246,4.2244,3.6541,2.1935,2.186,0,0,3.51197626,1.86419408,3.23553567,0.205338927,0.827,0,0,0,0,0,0,0,0
ROUTE7,4/7/2015,8.215547412,0.104538091,0,0.125673278,0,0,0,0,-0.252327743,-0.227758069,0.022724834,-0.030397477,0.859206075,0.675755438,2.02946136,12.51249665,0.58040523,0,0,0,0,0,0,1.7347,2.001,4.2244,3.6541,2.186,2.186,0,1.247191961,3.51197626,1.86419408,0.205338927,1.321,0,0,0,0,0,0,0,0
ROUTE7,4/14/2015,8.220133957,0.101836449,0,0.157499805,0,0,0,0,-0.274535558,-0.227758069,0.044932648,0,0.491518172,0.859206075,1.94919993,12.54180851,0.58040523,0,0,0,0,0,0,1.9176,0,2.001,4.2244,0,2.186,2.186,2.0723814,1.247191961,3.51197626,0.223143551,1.321,0,0,5,0,0,0,0,0
ROUTE7,4/21/2015,8.207129168,0.103506326,0,0.189605959,0,0,0,0,-0.271244519,-0.227758069,0.041641609,0,0.290421264,0.491518172,1.98136017,12.62628678,0.58040523,0,0,0,0,0,0,1.9176,4.3271,0,2.001,0,0,2.186,1.83742266,2.0723814,1.247191961,0.223143551,1.321,0,0,5.251,0,0,0,0,0
ROUTE7,4/28/2015,8.130353547,0.108814855,0,0.111232852,0,0,0,0,-0.224456164,-0.222611324,0,0,0.270888237,0.290421264,1.76907405,12.68772601,0.5414796,0,0,0,0,0,0,1.9967,0,4.3271,0,2.186,0,0,4.45796044,1.83742266,2.0723814,0.229008671,1.317,0,0,5.387,0,0,0,0,0
ROUTE7,5/5/2015,8.232174236,0.09885314,0,0.233840437,0,0,0,0,-0.216602182,-0.214757342,0,0,0.290421264,0.270888237,1.5398262,12.56617571,0.26946225,0,0,0,0,0,0,1.9345,2.001,0,4.3271,2.186,2.186,0,0,4.45796044,1.83742266,0.240636709,1.289,0,0,5.544,0,0,0,0,0
ROUTE7,5/12/2015,8.227108234,0.083449035,0,0.198267066,0,0,0,0,-0.159705374,-0.214757342,0,0,0.218745178,0.290421264,1.50476439,12.60156918,0.26946225,0,0,0,0,0,0,1.9345,4.2244,2.001,0,0,2.186,2.186,2.29400587,0,4.45796044,0.240636709,1.289,0,0,5.455,0,0,0,0,0
ROUTE7,5/19/2015,8.131530711,0.054658453,0,0.155957239,0,0,0,0,-0.223594488,-0.170818123,0.050931526,0,4.871235094,0.218745178,1.46945425,12.57291052,0.26946225,0,0,0,0,0,0,1.5416,0,4.2244,2.001,0,0,2.186,1.247191961,2.29400587,0,0.234839591,1.289,0,0,5.649,0,0,0,0,0
ROUTE7,5/26/2015,8.034955025,0.019249497,0,0.16396068,0,0,0,0,-0.206055304,-0.170818123,0.033392341,-0.09763847,5.314417469,4.871235094,1.70960588,12.65717806,0.26946225,0,0,0,0,0,0,1.5416,0,0,4.2244,2.186,0,0,0,1.247191961,2.29400587,0.234839591,1.289,0,0,5.185,0,0,0,0,0
ROUTE7,6/2/2015,8.068089626,0,0,0.207303138,0,0,0,0,-0.172662963,-0.170818123,0,-0.029500664,3.836363312,5.314417469,1.59151648,12.58700596,0.39025345,0,0,0,0,0,0,1.3949,0,0,0,2.186,2.186,0,4.24918229,0,1.247191961,0.234839591,0.649,0,0,5.443,0,0,0,0,0
ROUTE7,6/9/2015,8.143807977,0,0,0.148988809,0,0,0,0,-0.266192258,-0.208929445,0.055417973,0,1.55962842,3.836363312,2.72131178,12.73610051,0.43476055,0.154141905,0,0,0,0,0,1.6248,4.2244,0,0,0,2.186,2.186,2.9502053,4.24918229,0,0.234839591,0.205,0,0,5.64,0,0,0,0,0
ROUTE7,6/16/2015,8.040446881,0,0,0.098564983,0,0,0,0,-0.210774285,-0.208929445,0,0,1.479036413,1.55962842,2.8743574,12.13300894,0.43476055,0.154141905,0.154141905,0,0,0,0,1.8396,0,4.2244,0,0,0,2.186,3.56966358,2.9502053,4.24918229,0.234839591,0.205,0,0,4.931,0,0,0,0,0
ROUTE7,6/23/2015,7.924072325,0.003695114,-0.00532108,0,0,0,0,0,-0.226320151,-0.224475311,0,0,1.27578302,1.479036413,2.89031151,4.658372372,0.43476055,0.154141905,0.154141905,0.154141905,0,0,0,1.7642,0,0,4.2244,0,0,0,2.23530532,3.56966358,2.9502053,0.234839591,0.205,0,0,5.431,0,0,0,0,0
ROUTE7,6/30/2015,7.904703914,0.024892253,-0.094849896,0,0,0,0,0,-0.299225533,-0.297380693,0,-0.614894984,1.02827503,1.27578302,2.84657043,3.765344341,0.57382335,0.154141905,0.154141905,0.154141905,0.154141905,0,0,1.7642,0,0,0,0,0,0,2.67593846,2.23530532,3.56966358,0.234839591,0.192,0,0,5.407,0,0,0,0,0
ROUTE7,7/7/2015,8.161089513,0.016451773,0,0.148920145,0,0,0,0,-0.300378451,-0.298533611,0,0,1.098089686,1.02827503,2.91493807,3.509410966,0.73347501,0.154141905,0.154141905,0.154141905,0.154141905,0.154141905,0,1.5674,0,0,0,0,0,0,0,2.67593846,2.23530532,0.234839591,0.173,0,0,5.973,0,0,0,0,0
ROUTE7,7/14/2015,8.185907481,0,0,0.173828437,0,0,0,0,-0.346530755,-0.358476939,0,0,1.143064051,1.098089686,2.84549084,6.97143406,0.73347501,0.154141905,0.154141905,0.154141905,0.154141905,0.154141905,0.154141905,1.2229,3.2593,0,0,0,0,0,0,0,2.67593846,0.234839591,0.173,0,0,5.684,0,0,0,0,0
ROUTE7,7/21/2015,8.202756382,0,0,0.104164904,0,0,0,0,-0.350302176,-0.358476939,0,0,1.263675002,1.143064051,2.73056443,8.21563433,0.73347501,0.154141905,0.154141905,0.154141905,0.154141905,0.154141905,0.154141905,1.0957,0,3.2593,0,0,0,0,0,0,0,0.234839591,0.173,0,0,0,0,0,0,0,0
ROUTE7,7/28/2015,8.120588712,0,0,0.069153606,0,0,0,0,-0.359562748,-0.358476939,0,0,1.154245681,1.263675002,2.50965051,2.78147767,0.73347501,0.154141905,0.154141905,0.154141905,0.154141905,0.154141905,0.154141905,1.0957,0,0,3.2593,0,0,0,0,0,0,0.234839591,0.173,0,0,0,0,0,0,0,0
ROUTE7,8/4/2015,8.088254727,0,0,0.066973474,0,0,0,0,-0.345211583,-0.358476939,0,0,2.011658473,1.154245681,2.56859233,2.48490665,0.44421663,0.287666617,0.154141905,0.154141905,0.154141905,0.154141905,0.154141905,1.0957,0,0,0,0,0,0,0,0,0,0.234839591,0.906,0,0,0,0,0,0,0,0
ROUTE7,8/11/2015,8.076204527,0.004071001,-0.016460932,0,0,0,0,0,-0.400971158,-0.358476939,0.040649379,0,1.374469233,2.011658473,2.42713152,2.934996039,0.44421663,0.287666617,0.287666617,0.154141905,0.154141905,0.154141905,0.154141905,1.4073,2.001,0,0,0,0,0,0,0,0,0.234839591,0.906,0,0,2.675,0,0,0,0,0
ROUTE7,8/18/2015,8.003363059,0,-0.065105619,0,0,0,0,0,-0.39891552,-0.358476939,0.038593741,0,1.623291352,1.374469233,2.05984706,2.799021979,0.44421663,0.287666617,0.287666617,0.287666617,0.154141905,0.154141905,0.154141905,1.4073,0,2.001,0,0,0,0,0,0,0,0.234839591,0.906,0,0,3.378,0,0,0,0,0
ROUTE7,8/25/2015,8.001689978,0.001198071,-0.100680429,0,0,0,0,0,-0.453979634,-0.358476939,0.093657855,0,1.047153991,1.623291352,1.9977775,3.160035325,0.44421663,0.287666617,0.287666617,0.287666617,0.287666617,0.154141905,0.154141905,1.4073,2.001,0,2.001,0,0,0,1.44580024,0,0,0.234839591,0.906,0,0,3.378,0,0,0,0,0
ROUTE7,9/1/2015,8.217438538,0.00323167,0,0.15117819,0,0,0,0,-0.461880868,-0.358476939,0.101559089,0,1.038314155,1.047153991,1.97340141,2.567692844,0.50297001,0,0.287666617,0.287666617,0.287666617,0.287666617,0.154141905,1.4073,0,2.001,0,0,0,0,1.101580121,1.44580024,0,0.199332903,1.535,0,0,3.378,0,0,0,0,0
ROUTE7,9/8/2015,8.14322675,0,0,0.160657804,0,0,0,0,-0.444853765,-0.358476939,0.084531986,-0.299803433,0.861526646,1.038314155,1.39034554,2.499677967,0.54487512,0,0,0.287666617,0.287666617,0.287666617,0.287666617,1.4352,3.2593,0,2.001,0,0,0,0,1.101580121,1.44580024,0.199332903,1.836,0,0,3.347,0,0,0,0,0
ROUTE7,9/15/2015,8.259458195,0,0,0.159671027,0,0,0,0,-0.426998563,-0.358476939,0.066676784,-0.049392755,0.680131812,0.861526646,1.19395743,5.775992388,0.54487512,0,0,0,0.287666617,0.287666617,0.287666617,1.9163,2.001,3.2593,0,0,0,0,0,0,1.101580121,0.199332903,1.836,0,0,1.53,0,0,0,0,0
ROUTE7,9/22/2015,8.235095497,0,0,0.150043975,0,0,0,0,-0.395380218,-0.358476939,0.035058439,-0.049392755,1.379807852,0.680131812,0.83512924,2.921624302,0.54487512,0,0,0,0,0.287666617,0.287666617,1.9163,0,2.001,3.2593,0,0,0,2.65039381,0,0,0.199332903,1.836,0,0,1.53,0,0,0,0,0
ROUTE7,9/29/2015,8.196712407,0,0,0.141706422,0,0,0,0,-0.417493271,-0.358476939,0.057171492,0,1.212323421,1.379807852,1.22648574,2.448539006,0.46312434,0,0,0,0,0,0.287666617,1.9163,2.001,0,2.001,1.9419,0,0,3.18346882,2.65039381,0,0.199332903,1.572,0,0.993,5.722,0,0,0,0,0
ROUTE7,10/6/2015,8.209308412,0,0,0.070932133,0,0,0,0,-0.360321779,-0.358476939,0,0,1.011600912,1.212323421,1.39219701,1.961100315,0.22364389,0,0,0,0,0,0,1.9163,4.6725,2.001,0,1.9419,1.9419,0,2.13892281,3.18346882,2.65039381,0.199332903,0.173,0,0,5.849,0,0,0,0,0
ROUTE7,10/13/2015,8.225235324,0,0,0.05759544,0,0,0,0,-0.436129232,-0.358476939,0.075807453,0,0.909370289,1.011600912,0.62620604,2.951929651,0.22364389,0,0,0,0,0,0,1.6788,4.3271,4.6725,2.001,2.6847,1.9419,1.9419,0,2.13892281,3.18346882,0.199332903,0.173,0,0,5.976,0,0,0,0,0
ROUTE7,10/20/2015,8.202756382,0,0,0.066183328,0,0,0,0,-0.426328966,-0.358476939,0.066007187,0,1.045777908,0.909370289,0.30435554,2.864239618,0.22364389,0,0,0,0,0,0,1.9021,0,4.3271,4.6725,2.6847,2.6847,1.9419,2.78570703,0,2.13892281,0.199332903,0.173,0,0.993,6.485,0,0,0,0,0
ROUTE7,10/27/2015,8.107117471,0,0,0.081361606,0,0,0,0,-0.379500087,-0.358476939,0.019178308,-0.101352494,0.653989161,1.045777908,0.86739419,2.273597556,0.22364389,0,0,0,0,0,0,2.1117,2.867,0,4.3271,2.0388,2.6847,2.6847,4.39729064,2.78570703,0,0.199332903,0.173,0,0,6.075,0,0,0,0,0
ROUTE7,11/3/2015,8.148445666,0,0,0.044513763,0,0,0,0,-0.394920143,-0.358476939,0.034598364,0,0.613235081,0.653989161,1.31835597,11.6114616,0.07785942,0,0,0,0,0,0,1.9535,0.912,2.867,0,2.0388,2.0388,2.6847,0,4.39729064,2.78570703,0.199332903,0.559,0,0,6.368,0,0,0,0,0
ROUTE7,11/10/2015,8.120291314,0,-0.018605089,0,0,0,0,0,-0.435286578,-0.358476939,0.074964799,0,0.928751952,0.613235081,1.08308004,11.46044048,0.05135342,0,0,0,0,0,0,1.7741,0,0.912,2.867,2.0388,2.0388,2.0388,2.13892281,0,4.39729064,0.199332903,0.611,0,0,6.245,0,0,0,0,0
ROUTE7,11/17/2015,8.004699511,0,-0.153694696,0,0,0,0,0,-0.488019848,-0.358476939,0.127698069,0,0.799016971,0.928751952,0.66667311,10.98130719,0.05135342,0,0,0,0,0,0,1.5161,2.682,0,0.912,2.0388,2.0388,2.0388,1.247191961,2.13892281,0,0.199332903,0.611,0,0,5.858,0,0,0,0,0
ROUTE7,11/24/2015,7.710653324,0,-0.371270326,0,0,0,0,0,-0.500557253,-0.358476939,0.140235474,-0.229185866,0.689614302,0.799016971,0,10.00435854,0.05135342,0,0,0,0,0,0,1.0957,0,2.682,0,0,2.0388,2.0388,1.86419408,1.247191961,2.13892281,0.199332903,0.611,0,0,5.968,0,0,0,0,0
ROUTE7,12/1/2015,8.066835314,0,-0.039551609,0,0,0,0,0,-0.495278786,-0.358476939,0.134957007,0,0.776920562,0.689614302,0.347363434,9.87634023,0.23907415,0,0,0,0,0,0,1.0957,4.1368,0,2.682,0,0,2.0388,4.28986061,1.86419408,1.247191961,0.199332903,0.441,0,0,5.995,0,0,0,0,0
ROUTE7,12/8/2015,7.865187954,0,-0.19329684,0,0,0,0,0,-0.547928997,-0.358476939,0.187607218,-0.047067511,3.044522438,0.776920562,0.941204277,8.85622847,0.35984418,0,0,0,0,0,0,1.0957,4.9609,4.1368,0,0,0,0,1.54110441,4.28986061,1.86419408,0.246400413,0.291,0,0,1.574,0,0,0,0,0
ROUTE7,12/15/2015,7.623641947,0,-0.591561732,0,0,0,0,0,-0.620675434,-0.358476939,0.260353655,-0.011560822,4.131196303,3.044522438,1.52923259,7.83443472,0.35984418,0,0,0,0,0,0,1.0957,2.682,4.9609,4.1368,0,0,0,2.50263479,1.54110441,4.28986061,0.246400413,0.291,0,0,1.279,0,0,0,0,0
ROUTE7,12/22/2015,7.057036982,0,-1.145962473,0,0,0,0,0,-0.693588171,-0.358476939,0.333266392,-0.681718485,4.756012668,4.131196303,1.546449873,0,0.35984418,3.018286738,0,0,0,0,0,1.0957,0,2.682,4.9609,0,0,0,2.50263479,2.50263479,1.54110441,0.246400413,0.291,0,0,1.987,0,0,0,0,0
ROUTE8,1/1/2013,11.32533003,0,0,0,0,0,0,0,-0.301065766,-0.173016336,0.113228774,-0.400259474,0,0,2.29782184,0,0.13105649,0,0,0,0,0,0,0,0,0,0,0,0,0,2.98109521,0,0,0,0.224,0,0,0,0,0,0,0,0
ROUTE8,1/8/2013,11.79423981,0,0,0,0,0,0,0,-0.237375291,-0.173016336,0.049538299,0,0.654803825,0,2.32129244,0,0.69067227,0,0,0,0,0,0,0.9765,0,0,0,0,0,0,0,2.98109521,0,0,0.784,0,2.936,0.028,0,0,0,0,0
ROUTE8,1/15/2013,11.75154859,0,0,0,0,0,0,0,-0.187836992,-0.173016336,0,-0.003951196,1.024343545,0.654803825,1.9739773,0,0.69067227,0,0,0,0,0,0,0,0,0,0,0,0,0,0,0,2.98109521,0,0.784,7.411,0,0.719,0,0,0,0,0
ROUTE8,1/22/2013,11.71722865,0,0,0,0,0,0,0,-0.229957428,-0.173016336,0.042120435,-0.050182922,0.859206075,1.024343545,1.97360305,0,0.69067227,0,0,0,0,0,0,0,0,0,0,0,0,0,0,0,0,0,0.784,4.504,1.624,0.719,0,0,0,0,0
ROUTE8,1/29/2013,11.7515801,0,0,0.032493904,0,0,0,0,-0.219397671,-0.173016336,0.031560679,-0.001857442,0.760571424,0.859206075,2.08198672,0,0.66216028,0,0,0,0,0,0,0,0,0,0,0,0,0,0,0,0,0,0.785,7.284,0,0.719,0,0,0,0,0
ROUTE8,2/5/2013,11.81225198,0.00034072,0,0.072458195,0,0,0,0,-0.221599619,-0.173016336,0.033762627,-0.018258934,0.5392577,0.760571424,2.19025601,0,0.47156361,0,0,0,0,0,0,0.4506,0,0,0,0,0,0,0,0,0,0,0.794,6.824,2.44,0.834,0,0,0,0,0
ROUTE8,2/12/2013,11.79146588,0.0015786,0,0.077223416,0,0,0,0,-0.216404067,-0.173016336,0.028567075,0,0.484784139,0.5392577,2.17665519,0,0.47156361,0,0,0,0,0,0,0.4506,0,0,0,0,0,0,0,0,0,0.006474011,0.794,8.781,3.072,0.834,0,0,0,0,0
ROUTE8,2/19/2013,11.82322238,0.004050808,0,0.052278967,0,0,0,0,-0.200874278,-0.173016336,0.013037286,-0.017670769,0.360585782,0.484784139,2.10030547,0,0.47156361,0,0,0,0,0,0,0.4506,0,0,0,0,0,0,0,0,0,0.006474011,0.794,10.307,1.328,0.834,0,0,0,0,0
ROUTE8,2/26/2013,11.90389265,0.004871854,0,0.126598069,0,0,0,0,-0.181172271,-0.166351615,0,0,0.519875459,0.360585782,2.00821898,0,0.46297348,0,0,0,0,0,0,0.4506,0,0,0,0,0,0,0,0,0,0.0446837,0.762,0,0,0.834,0,0,0,0,0
ROUTE8,3/5/2013,11.93760479,0.003350405,0,0.159978565,0,0,0,0,-0.196870808,-0.166351615,0.015698537,0,1.046603785,0.519875459,2.0118178,0,0.40982291,2.220971298,0,0,0,0,0,0.4506,4.7738,0,0,2.9766,0,0,0,0,0,0.077845552,0.541,0,1.741,0.081,0,0,0,0,0
ROUTE8,3/12/2013,11.89305909,0.001034625,0,0.154385415,0,0,0,0,-0.177637509,-0.162816853,0,-0.000429277,0.817180237,1.046603785,1.90902131,0,0.40982291,3.883681838,2.220971298,0,0,0,0,0.556,2.7495,4.7738,0,2.9766,2.9766,0,0,0,0,0.077845552,0.541,0,0,0.081,0,0,0,0,0
ROUTE8,3/19/2013,11.86886414,0,0,0.124527771,0,0,0,0,-0.200636769,-0.162816853,0.02299926,0,1.047428981,0.817180237,1.19395443,0,0.40982291,3.332815448,3.883681838,2.220971298,0,0,0,0.556,4.9435,2.7495,4.7738,2.9766,2.9766,2.9766,2.5355022,0,0,0.078489122,0.541,0,1.426,0.081,0,0,0,0,0
ROUTE8,3/26/2013,11.81035983,0,0,0.110902712,0,0,0,0,-0.199965675,-0.162816853,0.022328166,-0.001287554,0.817872278,1.047428981,0.85767065,0,0.40982291,0,3.332815448,3.883681838,2.220971298,0,0,0.556,0,4.9435,2.7495,0,2.9766,2.9766,0,2.5355022,0,0.078489122,0.541,0,0,0.081,0,0,0,0,0
ROUTE8,4/2/2013,11.92569715,0.00079779,0,0.117753419,0,0,0,0,-0.244777013,-0.162816853,0.067139504,0,0.738348287,0.817872278,0.96843907,0,0.6079365,0,0,3.332815448,3.883681838,2.220971298,0,0.556,1.8322,0,4.9435,0,0,2.9766,1.216531225,0,2.5355022,0.079989176,0.442,6.486,0,0.773,0,0,0,0,0
ROUTE8,4/9/2013,11.90355439,0.001869503,0,0.108847249,0,0,0,0,-0.197107919,-0.162816853,0.019470409,0,0.863180907,0.738348287,1.04752895,0,0.67735932,3.125597738,0,0,3.332815448,3.883681838,2.220971298,2.2132,4.9435,1.8322,0,3.034,0,0,1.67618516,1.216531225,0,0.089154752,0.399,7.901,1.184,0.665,0,0,0,0,0
ROUTE8,4/16/2013,11.8483257,0.002355518,0,0.075010191,0,0,0,0,-0.158639153,-0.143818497,0,0,0.96164164,0.863180907,0.9084987,0,0.67735932,3.162619438,3.125597738,0,0,3.332815448,3.883681838,2.2132,2.5253,4.9435,1.8322,3.034,3.034,0,0,1.67618516,1.216531225,0.091909283,0.399,8.271,0,0.665,0,0,0,0,0
ROUTE8,4/23/2013,11.81977025,0.002058939,0,0.087037113,0,0,0,0,-0.135273585,-0.120452929,0,0,1.25678532,0.96164164,1.02926352,0,0.67735932,3.162619438,3.162619438,3.125597738,0,0,3.332815448,2.2132,4.7333,2.5253,4.9435,3.034,3.034,3.034,1.74454094,0,1.67618516,0.092120856,0.399,8.554,1.021,0,0,0,0,0,0
ROUTE8,4/30/2013,11.83874834,0.00198811,0,0.103019527,0,0,0,0,-0.106257988,-0.091437332,0,0,0.857545221,1.25678532,1.0684381,0,0.64214698,0,3.162619438,3.162619438,3.125597738,0,0,2.2132,2.9308,4.7333,2.5253,0,3.034,3.034,4.02688681,1.74454094,0,0.096342944,0.906,8.533,0,0,0,0,0,0,0
ROUTE8,5/7/2013,11.86239149,0.00142976,0,0.122527429,0,0,0,0,-0.082088044,-0.067267388,0,-0.008462077,0.9610423,0.857545221,1.1527319,0,0.59318132,0,0,3.162619438,3.162619438,3.125597738,0,1.9389,3.4914,2.9308,4.7333,0,0,3.034,2.53547936,4.02688681,1.74454094,0.096342944,1.331,8.69,1.446,0,0,0,0,0,0
ROUTE8,5/14/2013,11.82802813,0.000427551,0,0.121720528,0,0,0,0,-0.053042631,-0.038221975,0,-0.017853822,1.076958419,0.9610423,1.26091389,0,0.59318132,3.154995218,0,0,3.162619438,3.162619438,3.125597738,2.3468,4.8876,3.4914,2.9308,3.034,0,0,1.188212316,2.53547936,4.02688681,0.096342944,1.331,9.119,0,0,0,0,0,0,0
ROUTE8,5/21/2013,11.78600139,0,0,0.112236213,0,0,0,0,-0.040063818,-0.025243162,0,-0.000210682,1.180822888,1.076958419,1.42411392,0,0.59318132,3.154995218,3.154995218,0,0,3.162619438,3.162619438,2.3468,4.1756,4.8876,3.4914,3.034,3.034,0,2.95524333,1.188212316,2.53547936,0.096342944,1.331,8.852,1.784,0,0,0,0,0,0
ROUTE8,5/28/2013,11.72861732,0,0,0.039247303,0,0,0,0,-0.047325127,-0.025243162,0.007261309,-0.055214803,0.745439192,1.180822888,1.24194541,0,0.59318132,0,3.154995218,3.154995218,0,0,3.162619438,2.255,0,4.1756,4.8876,0,3.034,3.034,3.76845532,2.95524333,1.188212316,0.096342944,1.331,8.912,0,0.032,0,0,0,0,0
ROUTE8,6/4/2013,11.81873229,0.000294207,0,0.130707076,0,0,0,0,-0.021756094,-0.006935438,0,0,0.596111375,0.745439192,1.34957029,0,0.56416793,0,0,3.154995218,3.154995218,0,0,1.4238,3.8547,0,4.1756,0,0,3.034,2.39337993,3.76845532,2.95524333,0.121307835,1.311,7.6,1.822,0.807,0,0,0,0,0
ROUTE8,6/11/2013,11.80472903,0.000473929,0,0.101723313,0,0,0,0,-0.031146946,-0.006935438,0.009390851,0,0.541996177,0.596111375,1.39908736,0,0.56416793,0,0,0,3.154995218,3.154995218,0,1.4238,0,3.8547,0,0,0,0,0,2.39337993,3.76845532,0.171007504,1.311,0,0,0.807,0,0,0,0,0
ROUTE8,6/18/2013,11.77205373,0.000728673,0,0.060722232,0,0,0,0,-0.029222948,-0.006935438,0.007466854,0,0.642925742,0.541996177,1.35359235,0,0.56416793,0.557353058,0,0,0,3.154995218,3.154995218,1.4238,0,0,3.8547,0,0,0,0.965081943,0,2.39337993,0.192284902,1.311,0,1.021,0.115,0,0,0,0,0
ROUTE8,6/25/2013,11.68552491,0.00043238,0,0.016366917,0,0,0,0,-0.008555466,-0.006935438,0,0,1.558969224,0.642925742,1.40720678,0,0.56416793,0.557353058,0.557353058,0,0,0,3.154995218,0.8173,2.0299,0,0,0,0,0,1.67618516,0.965081943,0,0.201619192,1.311,0,0,0,0,0,0,0,0
ROUTE8,7/2/2013,11.64099321,0.000611874,-0.006087643,0,0,0,0,0,-0.046666814,-0.031846158,0,-0.184143466,0.547450736,1.558969224,1.01393687,0,0.45824685,0.586349738,0.557353058,0.557353058,0,0,0,0.8173,0,2.0299,0,0,0,0,3.96048314,1.67618516,0.965081943,0.201619192,0.699,0,0,0,0,0,0,0,0
ROUTE8,7/9/2013,11.78554466,0.000850896,0,0.084104465,0,0,0,0,-0.063854455,-0.049033799,0,0,0.704059214,0.547450736,1.29863722,0,0.41252365,0.586349738,0.586349738,0.557353058,0.557353058,0,0,0.8173,0,0,2.0299,0,0,0,0,3.96048314,1.67618516,0.205404208,0.287,0,2,4.805,0,0,0,0,0
ROUTE8,7/16/2013,11.78683057,0.000554794,0,0.072291336,0,0,0,0,-0.082529632,-0.067708976,0,0,0.670558544,0.704059214,1.22048774,0,0.41252365,0,0.586349738,0.586349738,0.557353058,0.557353058,0,0.8173,0,0,0,0,0,0,1.77618912,0,3.96048314,0.205404208,0.287,0,0,4.383,0,0,0,0,0
ROUTE8,7/23/2013,11.73876937,0.00089196,0,0.00879252,0,0,0,0,-0.122261972,-0.079873158,0.027568158,-0.000188911,0.64457251,0.670558544,1.19727714,0,0.41252365,0,0,0.586349738,0.586349738,0.557353058,0.557353058,0.4506,0,0,0,0,0,0,1.67685922,1.77618912,0,0.205404208,0.287,0,1.714,4.86,0,0,0,0,0
ROUTE8,7/30/2013,11.78983725,0.002809846,0,0.022097315,0,0,0,0,-0.140681135,-0.079873158,0.045987321,0,0.582198107,0.64457251,1.27164798,0,0.38483896,0,0,0,0.586349738,0.586349738,0.557353058,0.4506,1.3368,0,0,0,0,0,1.59482718,1.67685922,1.77618912,0.205404208,0.245,0,0,0,0,0,0,0,0
ROUTE8,8/6/2013,11.7552283,0.0033011,0,0.00478196,0,0,0,0,-0.135863538,-0.079873158,0.041169724,0,0.502483717,0.582198107,1.24539634,0,0.31207613,0,0,0,0,0.586349738,0.586349738,0.4506,1.3368,1.3368,0,0,0,0,0,1.59482718,1.67685922,0.20502635,0.133,4.466,2.183,5.842,0,0,0,0,0
ROUTE8,8/13/2013,11.70051645,0.003162843,-0.017416718,0,0,0,0,0,-0.094693814,-0.079873158,0,0,0.496300582,0.502483717,1.17916568,0,0.31207613,2.220971298,0,0,0,0,0.586349738,0.4506,0,1.3368,1.3368,2.4018,0,0,0,0,1.59482718,0.203513491,0.133,6.217,0,5.368,0,0,0,0,0
ROUTE8,8/20/2013,11.72550137,0.002023676,-0.030611658,0,0,0,0,0,-0.161119614,-0.100193321,0.046105637,0,0.554677506,0.496300582,1.60722688,0,0.31207613,2.220971298,2.220971298,0,0,0,0,0.4506,0,0,1.3368,2.4018,2.4018,0,0,0,0,0.193814832,0.133,5.676,2.29,5.66,0,0,0,0,0
ROUTE8,8/27/2013,11.68927087,0,-0.056701223,0,0,0,0,0,-0.190214547,-0.100193321,0.075200571,0,0.414825551,0.554677506,2.14308087,0,0.31207613,2.220971298,2.220971298,2.220971298,0,0,0,0.4506,1.3368,0,0,2.4018,2.4018,2.4018,3.15119629,0,0,0.170420821,0.133,6.378,0,5.551,0,0,0,0,0
ROUTE8,9/3/2013,11.69850006,0,-0.017200999,0,0,0,0,0,-0.175057685,-0.100193321,0.060043708,-0.144331987,1.020396542,0.414825551,1.99908506,0,0.48572018,2.810967148,2.220971298,2.220971298,2.220971298,0,0,0.4506,4.1763,1.3368,0,2.1502,2.4018,2.4018,1.159113251,3.15119629,0,0.110358444,1.207,6.042,2.277,5.775,0,0,0,0,0
ROUTE8,9/10/2013,11.77274033,0,0,0.020788853,0,0,0,0,-0.148495623,-0.100193321,0.033481647,-0.019507698,0.356753311,1.020396542,2.00977847,0,0.51194072,2.895540918,2.810967148,2.220971298,2.220971298,2.220971298,0,0.4506,4.1756,4.1763,1.3368,2.1502,2.1502,2.4018,1.63254399,1.159113251,3.15119629,0.110358444,1.311,5.496,0,6.559,0,0,0,0,0
ROUTE8,9/17/2013,11.74075402,0,0,0.029701692,0,0,0,0,-0.124997888,-0.100193321,0.009983911,0,0.616624915,0.356753311,2.20999367,0,0.51194072,3.307234688,2.895540918,2.810967148,2.220971298,2.220971298,2.220971298,2.4705,4.8979,4.1756,4.1763,2.9771,2.1502,2.1502,2.36965325,1.63254399,1.159113251,0.110358444,1.311,8.395,1.549,5.703,0,0,0,0,0
ROUTE8,9/24/2013,11.76261747,0,-0.003195099,0,0,0,0,0,-0.170725836,-0.100193321,0.055711859,0,0.475571953,0.616624915,2.31298497,0,0.51194072,3.176639248,3.307234688,2.895540918,2.810967148,2.220971298,2.220971298,2.4806,0,4.8979,4.1756,2.9356,2.9771,2.1502,1.63643157,2.36965325,1.63254399,0.110358444,1.311,7.591,0,2.57,0,0,0,0,0
ROUTE8,10/1/2013,11.79086019,0,0,0.025923451,0,0,0,0,-0.168142999,-0.100193321,0.053129022,0,0.600419869,0.475571953,2.33334622,0,0.40869303,3.150863478,3.176639248,3.307234688,2.895540918,2.810967148,2.220971298,2.4806,4.0785,0,4.8979,3.0357,2.9356,2.9771,4.18452977,1.63643157,2.36965325,0.107029269,1.297,8.269,0,5.081,0,0,0,0,0
ROUTE8,10/8/2013,11.77572809,0,0,0.018049669,0,0,0,0,-0.177660093,-0.100193321,0.062646116,0,0.452910885,0.600419869,2.27632304,0,0.32359853,2.649008198,3.150863478,3.176639248,3.307234688,2.895540918,2.810967148,2.4806,0,4.0785,0,2.2795,3.0357,2.9356,3.03678315,4.18452977,1.63643157,0.103479834,1.287,9.295,2.049,5.565,0,0,0,0,0
ROUTE8,10/15/2013,11.68880968,0,-0.062889752,0,0,0,0,0,-0.143468397,-0.100193321,0.028454421,-0.006741125,0.446412487,0.452910885,2.32101634,0,0.32359853,3.150863478,2.649008198,3.150863478,3.176639248,3.307234688,2.895540918,1.956,4.6169,0,4.0785,3.0542,2.2795,3.0357,1.74454094,3.03678315,4.18452977,0.099707826,1.287,8.802,0,5.204,0,0,0,0,0
ROUTE8,10/22/2013,11.71303782,0,-0.046171256,0,0,0,0,0,-0.148896556,-0.100193321,0.03388258,0,0.942892981,0.446412487,2.44059616,0,0.32359853,3.150863478,3.150863478,2.649008198,3.150863478,3.176639248,3.307234688,1.9389,1.1238,4.6169,0,3.0542,3.0542,2.2795,2.0961435,1.74454094,3.03678315,0.099707826,1.287,8.825,1.549,3.173,0,0,0,0,0
ROUTE8,10/29/2013,11.70911705,0.000296962,-0.051507682,0,0,0,0,0,-0.139940866,-0.100193321,0.02492689,0,1.657481418,0.942892981,2.47821314,0,0.37918223,0,3.150863478,3.150863478,2.649008198,3.150863478,3.176639248,1.9389,4.2218,1.1238,4.6169,0,3.0542,3.0542,3.26708445,2.0961435,1.74454094,0.075482247,1.184,8.901,0,1.677,0,0,0,0,0
ROUTE8,11/5/2013,11.76331836,0,0,0.006205682,0,0,0,0,-0.152848852,-0.100193321,0.037834875,0,4.214215281,1.657481418,2.4337573,0,0.66014397,0,0,3.150863478,3.150863478,2.649008198,3.150863478,1.9389,4.3804,4.2218,1.1238,0,0,3.0542,0,3.26708445,2.0961435,0.067057961,0.139,9.249,1.426,6.109,0,0,0,0,0
ROUTE8,11/12/2013,11.67556289,0,-0.034493759,0,0,0,0,0,-0.115013977,-0.100193321,0,0,0.921917505,4.214215281,2.38785325,0,0.66014397,0,0,0,3.150863478,3.150863478,2.649008198,0.9785,4.358,4.3804,4.2218,0,0,0,0,0,3.26708445,0.065755595,0.139,8.628,0,4.308,0,0,0,0,0
ROUTE8,11/19/2013,11.60218099,0.000242634,-0.121676487,0,0,0,0,0,-0.101661525,-0.086840869,0,0,0.463812876,0.921917505,2.38984841,0,0.66014397,0,0,0,0,3.150863478,3.150863478,0.9785,2.6011,4.358,4.3804,0,0,0,0,0,0,0.064886408,0.139,9.029,1.641,4.796,0,0,0,0,0
ROUTE8,11/26/2013,11.36230023,0.00136464,-0.311039727,0,0,0,0,0,-0.050946556,-0.086840869,0,-0.161410639,0.215591596,0.463812876,2.27263816,0,0.66014397,0,0,0,0,0,3.150863478,0.9785,2.567,2.6011,4.358,0,0,0,2.22658212,0,0,0.056591228,0.139,8.266,0,5.686,0,0,0,0,0
ROUTE8,12/3/2013,11.61065091,0.001181333,-0.112707133,0,0,0,0,0,-0.126201092,-0.09570303,0.015677406,-0.02126797,2.022605775,0.215591596,2.47936407,0,0.35223598,0,0,0,0,0,0,0.9785,0.568,2.567,2.6011,0,0,0,0,2.22658212,0,0.056591228,0.124,8.691,2.377,1.843,0,0,0,0,0
ROUTE8,12/10/2013,11.47151997,0.0016341,-0.25255973,0,0,0,0,0,-0.110523686,-0.09570303,0,-0.054505722,1.336278917,2.022605775,2.38480651,0,0.29025847,0,0,0,0,0,0,0.8543,1.1238,0.568,2.567,0,0,0,0,0,2.22658212,0.056591228,0.122,5.024,0,0.908,0,0,0,0,0
ROUTE8,12/17/2013,11.36878947,0.001331297,-0.33746158,0,0,0,0,0,-0.121357508,-0.106536852,0,0,0.961941176,1.336278917,2.15684555,0,0.29025847,0,0,0,0,0,0,0.8543,0,1.1238,0.568,0,0,0,0,0,0,0.056591228,0.122,4.267,1.659,1.856,0,0,0,0,0
ROUTE8,12/24/2013,11.06955598,0.000921433,-0.59694791,0,0,0,0,0,-0.215892283,-0.106536852,0.094534775,-0.114609646,0.637969102,0.961941176,2.30027132,0,0.29025847,0,0,0,0,0,0,0.8543,0,0,1.1238,0,0,0,0,0,0,0.056591228,0.122,5.627,0,1.856,0,0,0,0,0
ROUTE8,12/31/2013,11.32476288,0.002303369,-0.475831788,0,0,0,0,0,-0.217159558,-0.106536852,0.09580205,-0.110439396,0.375770455,0.637969102,2.49804915,0,0.3991529,0,0,0,0,0,0,2.2164,0,0,0,0,0,0,0,0,0,0.056591228,0.072,5.161,0,1.744,0,0,0,0,0
ROUTE8,1/7/2014,11.78989031,0.002950408,0,0.010544504,0,0,0,0,-0.159161747,-0.106536852,0.037804238,-0.069196437,0.33960213,0.375770455,2.58705461,0,0.52804428,0,0,0,0,0,0,0.8732,3.4914,0,0,0,0,0,0,0,0,0.056591228,0,4.509,1.549,0.192,0,0,0,0,0
ROUTE8,1/14/2014,11.86423001,0.004075706,0,0.086702428,0,0,0,0,-0.16982085,-0.106536852,0.048463342,-0.096823819,0.131275716,0.33960213,2.48084065,0,0.52804428,0,0,0,0,0,0,0.8732,0,3.4914,0,0,0,0,0,0,0,0.056591228,0,5.636,0,0.192,0,0,0,0,0
ROUTE8,1/21/2014,11.7898145,0.003713404,0,0.036750746,0,0,0,0,-0.143731365,-0.106536852,0.022373857,-0.14252771,0.658461623,0.131275716,2.26558769,0,0.52804428,0,0,0,0,0,0,0.8732,0,0,3.4914,0,0,0,0,0,0,0.056591228,0,3.968,1.426,0.192,0,0,0,0,0
ROUTE8,1/28/2014,11.80101745,0.002666459,0,0.032493904,0,0,0,0,-0.173753052,-0.106536852,0.052395544,-0.096823819,3.770813307,0.658461623,2.25841573,0,0.52804428,0,0,0,0,0,0,0.8732,1.0378,0,0,0,0,0,0,0,0,0.056591228,0,0,0,0.192,0,0,0,0,0
ROUTE8,2/4/2014,11.80443022,0.001040451,0,0.072458195,0,0,0,0,-0.144616131,-0.106536852,0.023258622,-0.117070882,1.903720411,3.770813307,2.34033217,0,0.12622098,0,0,0,0,0,0,0.8732,0,1.0378,0,0,0,0,0,0,0,0.056591228,0.18,2.955,2.248,0.249,0,0,0,0,0
ROUTE8,2/11/2014,11.81235576,0,0,0.077223416,0,0,0,0,-0.156814674,-0.106536852,0.035457166,-0.074141696,0.627563181,1.903720411,2.49924014,0,0.12622098,0,0,0,0,0,0,0.8732,3.3642,0,1.0378,0,0,0,0,0,0,0.056591228,0.18,2.77,0,6.66,0,0,0,0,0
ROUTE8,2/18/2014,11.81527199,0,0,0.052278967,0,0,0,0,-0.177059561,-0.106536852,0.055702053,-0.059378686,0.564084071,0.627563181,2.38069626,0,0.12622098,0,0,0,0,0,0,0.8732,0,3.3642,0,0,0,0,0,0,0,0.056591228,0.18,2.572,2.034,7.127,0,0,0,0,0
ROUTE8,2/25/2014,11.87390214,0,0,0.126598069,0,0,0,0,-0.148783184,-0.106536852,0.027425675,-0.019701799,0.346276237,0.564084071,2.54727392,0,0.12622098,0,0,0,0,0,0,0.8732,0,0,3.3642,0,0,0,0,0,0,0.056591228,0.18,0,1.808,7.285,0,0,0,0,0
ROUTE8,3/4/2014,11.92176487,0,0,0.159978565,0,0,0,0,-0.154478452,-0.106536852,0.033120944,0,0.372535951,0.346276237,2.57449603,0,0,2.588024378,0,0,0,0,0,0.8732,3.026,0,0,0,0,0,0,0,0,0.069657616,1.315,0,0,5.12,0,0,0,0,0
ROUTE8,3/11/2014,11.9059873,0,0,0.154385415,0,0,0,0,-0.123987299,-0.106536852,0.002629791,0,0.455399067,0.372535951,2.52358372,0,0,2.588024378,2.588024378,0,0,0,0,2.3544,3.4914,3.026,0,2.2753,0,0,1.058627126,0,0,0.070090236,1.315,0,0,4.329,0,0,0,0,0
ROUTE8,3/18/2014,11.85883163,0,0,0.124527771,0,0,0,0,-0.116943855,-0.102123199,0,0,0.753956185,0.455399067,2.37135094,1.359143372,0,2.518412068,2.588024378,2.588024378,0,0,0,2.3544,0,3.4914,3.026,2.2753,2.2753,0,2.90229503,1.058627126,0,0.070522668,1.315,0,1.549,2.296,0,0,0,0,0
ROUTE8,3/25/2014,11.88904415,0,0,0.110902712,0,0,0,0,-0.114633088,-0.099812432,0,-0.000432432,0.673759828,0.753956185,2.45328579,11.56021246,0,0,2.518412068,2.588024378,2.588024378,0,0,2.3544,3.3299,0,3.4914,0,2.2753,2.2753,0,2.90229503,1.058627126,0.070522668,1.315,3.581,0,1.95,0,0,0,0,0
ROUTE8,4/1/2014,11.89869114,0,0,0.117753419,0,0,0,0,-0.102994611,-0.088173955,0,0,0.643337688,0.673759828,2.44729945,11.5883973,0.10877986,0,0,2.518412068,2.588024378,2.588024378,0,2.6424,3.026,3.3299,0,0,0,2.2753,3.96250215,0,2.90229503,0.129492861,1.329,0,2.65,0.206,0,0,0,0,0
ROUTE8,4/8/2014,11.8971397,0,0,0.108847249,0,0,0,0,-0.107993951,-0.088173955,0.00499934,0,0.49820716,0.643337688,2.31198325,11.83927083,0.1832416,2.761079338,0,0,2.518412068,2.588024378,2.588024378,2.3476,4.6167,3.026,3.3299,2.3535,0,0,2.19787554,3.96250215,0,0.159010113,1.34,2.302,1.785,0,0,0,0,0,0
ROUTE8,4/15/2014,11.8188354,0,0,0.075010191,0,0,0,0,-0.107051726,-0.088173955,0.004057115,-0.020388474,0.767143189,0.49820716,2.31512138,12.24334589,0.1832416,2.761079338,2.761079338,0,0,2.518412068,2.588024378,2.3152,3.3299,4.6167,3.026,2.3535,2.3535,0,2.66634753,2.19787554,3.96250215,0.159010113,1.34,3.157,0,0,0,0,0,0,0
ROUTE8,4/22/2014,11.84978334,0,0,0.087037113,0,0,0,0,-0.09651622,-0.081695564,0,-0.014950941,0.40441963,0.767143189,2.31148863,12.12475819,0.1832416,2.584232578,2.761079338,2.761079338,0,0,2.518412068,2.3152,0,3.3299,4.6167,2.3535,2.3535,2.3535,1.99034219,2.66634753,2.19787554,0.159010113,1.34,1.874,1.021,0,0,0,0,0,0
ROUTE8,4/29/2014,11.84803964,0,0,0.103019527,0,0,0,0,-0.063208983,-0.048388327,0,-0.001980591,0.392846644,0.40441963,2.31991946,12.12871864,0.25299211,0.154141905,2.584232578,2.761079338,2.761079338,0,0,2.0206,3.3299,0,3.3299,0,2.3535,2.3535,4.05565635,1.99034219,2.66634753,0.159010113,1.119,3.897,0,0,0,0,0,0,0
ROUTE8,5/6/2014,11.87078171,0,0,0.122527429,0,0,0,0,-0.050168239,-0.035347583,0,-0.026058801,0.368749093,0.392846644,1.84745405,12.38021171,0.40865636,2.584232578,0.154141905,2.584232578,2.761079338,2.761079338,0,1.3564,4.8996,3.3299,0,2.3549,0,2.3535,3.12348073,4.05565635,1.99034219,0.159010113,0.163,2.583,3.052,0.057,0,0,0,0,0
ROUTE8,5/13/2014,11.84543271,0,0,0.121720528,0,0,0,0,-0.030737729,-0.015917073,0,-0.023827336,0.207982174,0.368749093,0.88521652,12.48489672,0.40865636,2.584232578,2.584232578,0.154141905,2.584232578,2.761079338,2.761079338,1.2018,3.5303,4.8996,3.3299,2.4017,2.3549,0,2.1206951,3.12348073,4.05565635,0.159010113,0.163,3.441,1.957,0.057,0,0,0,0,0
ROUTE8,5/20/2014,11.84579121,0,0,0.112236213,0,0,0,0,-0.045409539,-0.015917073,0.014671809,-0.000791766,0.71178126,0.207982174,0.81272508,12.35922543,0.40865636,0.154141905,2.584232578,2.584232578,0.154141905,2.584232578,2.761079338,1.2018,2.246,3.5303,4.8996,0,2.4017,2.3549,1.65119663,2.1206951,3.12348073,0.159010113,0.163,0,0,0.057,0,0,0,0,0
ROUTE8,5/27/2014,11.7236239,0,0,0.039247303,0,0,0,0,-0.022464235,-0.007643579,0,-0.060142447,0.448916871,0.71178126,0.66062679,12.41702027,0.40865636,0.154141905,0.154141905,2.584232578,2.584232578,0.154141905,2.584232578,1.0509,2.6846,2.246,3.5303,0,0,2.4017,2.86723259,1.65119663,2.1206951,0.159010113,0.163,2.554,0,0.057,0,0,0,0,0
ROUTE8,6/3/2014,11.81990268,0.000496251,0,0.130707076,0,0,0,0,-0.014820656,0,0,0,0.413789818,0.448916871,0.59945944,12.51089624,0.5174301,0,0.154141905,0.154141905,2.584232578,2.584232578,0.154141905,1.0509,1.9355,2.6846,2.246,0,0,0,0,2.86723259,1.65119663,0.18940996,0.304,0,3.056,0.153,0,0,0,0,0
ROUTE8,6/10/2014,11.80862035,0.002841495,0,0.101723313,0,0,0,0,0,0,0,0,0.364403621,0.413789818,1.70921874,12.45816788,0.53446201,0,0,0.154141905,0.154141905,2.584232578,2.584232578,1.0509,2.1557,1.9355,2.6846,0,0,0,3.2795683,0,2.86723259,0.21536576,0.326,0,0,6.238,0,0,0,0,0
ROUTE8,6/17/2014,11.78537714,0.00477535,0,0.060722232,0,0,0,0,-0.027897762,-0.012366315,0.000710792,0,0.520341334,0.364403621,2.52798124,12.77823471,0.53446201,0,0,0,0.154141905,0.154141905,2.584232578,1.0509,1.7743,2.1557,1.9355,0,0,0,1.71649327,3.2795683,0,0.222818748,0.326,0,0,6.006,0,0,0,0,0
ROUTE8,6/24/2014,11.72885909,0.005287803,0,0.016366917,0,0,0,0,-0.044230835,-0.012366315,0.017043864,0,0.450416496,0.520341334,2.60226501,10.75301481,0.53446201,0,0,0,0,0.154141905,0.154141905,0.8732,1.9908,1.7743,2.1557,0,0,0,0,1.71649327,3.2795683,0.224302703,0.326,0,0,5.991,0,0,0,0,0
ROUTE8,7/1/2014,11.63997213,0.004801586,-0.006087643,0,0,0,0,0,-0.027186971,-0.012366315,0,-0.136634308,0.459862253,0.450416496,2.49783897,3.404762448,0.42455433,0,0,0,0,0,0.154141905,0.8732,0.2718,1.9908,1.7743,0,0,0,2.43411809,0,1.71649327,0.224302703,0.592,0,0,5.92,0,0,0,0,0
ROUTE8,7/8/2014,11.80138474,0.005119216,0,0.084104465,0,0,0,0,-0.074987481,-0.060166825,0,0,0.542451862,0.459862253,2.62498927,2.929287174,0.33339115,0,0,0,0,0,0,0.8732,0.8074,0.2718,1.9908,0,0,0,0,2.43411809,0,0.238108721,0.754,0,2.691,6.448,0,0,0,0,0
ROUTE8,7/15/2014,11.83733958,0.004955965,0,0.072291336,0,0,0,0,-0.083395212,-0.068574556,0,-0.002929332,0.442392381,0.542451862,2.29748891,2.327277706,0.33339115,0,0,0,0,0,0,0.8732,1.7743,0.8074,0.2718,0,0,0,0,0,2.43411809,0.238108721,0.754,0,0,6.388,0,0,0,0,0
ROUTE8,7/22/2014,11.75610691,0.0027957,0,0.00879252,0,0,0,0,-0.095970054,-0.078135349,0.003014049,-0.002929332,0.306123826,0.442392381,2.01138986,2.269914311,0.33339115,0,0,0,0,0,0,0.8732,1.9908,1.7743,0.8074,0,0,0,0,0,0,0.238108721,0.754,0,0,5.217,0,0,0,0,0
ROUTE8,7/29/2014,11.73089566,0.000608278,0,0.022097315,0,0,0,0,-0.103900189,-0.078135349,0.010944184,-0.0031127,0.471178487,0.306123826,2.68208822,9.03577012,0.32283191,0,0,0,0,0,0,0.8732,0,1.9908,1.7743,0,0,0,1.84589159,0,0,0.238108721,0.688,0,0,0,0,0,0,0,0
ROUTE8,8/5/2014,11.7236725,3.62E-06,0,0.00478196,0,0,0,0,-0.092956005,-0.078135349,0,-0.001097494,0.500585282,0.471178487,2.57556511,8.8983217,0.25702209,0.287666617,0,0,0,0,0,0.8732,0.2718,0,1.9908,0,0,0,1.71649327,1.84589159,0,0.238108721,0.163,0,2.304,0,0,0,0,0,0
ROUTE8,8/12/2014,11.69994431,0,-0.017416718,0,0,0,0,0,-0.120640281,-0.105819625,0,-0.002012994,0.334006144,0.500585282,2.55857492,9.50235945,0.25702209,0.287666617,0.287666617,0,0,0,0,0.8732,4.2624,0.2718,0,0,0,0,0,1.71649327,1.84589159,0.238108721,0.163,0,0.693,0,0,0,0,0,0
ROUTE8,8/19/2014,11.71768506,0.00170052,-0.030611658,0,0,0,0,0,-0.145351069,-0.121161716,0.009368697,0,1.213721371,0.334006144,2.63998575,7.91281537,0.25702209,0.287666617,0.287666617,0.287666617,0,0,0,0.8732,2.5505,4.2624,0.2718,0,0,0,1.041475518,0,1.71649327,0.238108721,0.163,0,0,0,0,0,0,0,0
ROUTE8,8/26/2014,11.71046399,0.003394163,-0.056701223,0,0,0,0,0,-0.178458369,-0.121161716,0.042475997,0,0.567200031,1.213721371,2.59587773,2.351375257,0.25702209,0.287666617,0.287666617,0.287666617,0.287666617,0,0,0.8732,0,2.5505,4.2624,0,0,0,2.90286865,1.041475518,0,0.222818748,0.163,0,0,3.025,0,0,0,0,0
ROUTE8,9/2/2014,11.74191589,0.003741001,-0.017200999,0,0,0,0,0,-0.167114887,-0.121161716,0.031132515,-0.154048707,0.437344414,0.567200031,2.56297996,2.169053701,0.15005948,0.287666518,0.287666617,0.287666617,0.287666617,0.287666617,0,0.8732,0.2718,0,2.5505,0,0,0,3.70326669,2.90286865,1.041475518,0.128677367,1.66,0,0,5.847,0,0,0,0,0
ROUTE8,9/9/2014,11.81504285,0.004376641,0,0.020788853,0,0,0,0,-0.135982372,-0.121161716,0,-0.037614824,0.223143551,0.437344414,2.57487779,11.79696009,0.10385107,0.287666518,0.287666518,0.287666617,0.287666617,0.287666617,0.287666617,0.8732,1.8322,0.2718,0,0,0,0,0,3.70326669,2.90286865,0.128677367,1.93,0,3.105,6.484,0,0,0,0,0
ROUTE8,9/16/2014,11.80961683,0.002798349,0,0.029701692,0,0,0,0,-0.153760769,-0.121161716,0.017778398,-0.013552569,0.195169699,0.223143551,2.58665212,12.67047535,0.10385107,0.287666518,0.287666518,0.287666518,0.287666617,0.287666617,0.287666617,1.6051,3.4071,1.8322,0.2718,0,0,0,1.70542219,0,3.70326669,0.128677367,1.93,0,0,5.209,0,0,0,0,0
ROUTE8,9/23/2014,11.74424351,0.000742905,-0.003195099,0,0,0,0,0,-0.158244359,-0.121161716,0.022261987,-0.077140539,0.856214549,0.195169699,2.56023616,12.91851935,0.10385107,0,0.287666518,0.287666518,0.287666518,0.287666617,0.287666617,1.701,3.5214,3.4071,1.8322,0,0,0,2.60674349,1.70542219,0,0.128677367,1.93,0,0,1.159,0,0,0,0,0
ROUTE8,9/30/2014,11.81505024,9.98E-05,0,0.025923451,0,0,0,0,-0.171465245,-0.121161716,0.035482874,-0.007164088,0.39496081,0.856214549,2.54104531,12.88776799,0.22579185,0,0,0.287666518,0.287666518,0.287666518,0.287666617,1.701,3.3326,3.5214,3.4071,0.4107,0,0,3.38742015,2.60674349,1.70542219,0.128677367,1.694,0,0,6.288,0,0,0,0,0
ROUTE8,10/7/2014,11.80931948,0,0,0.018049669,0,0,0,0,-0.182814319,-0.121161716,0.046831948,0,0.399175779,0.39496081,2.39767781,12.99782789,0.368216,0,0,0,0.287666518,0.287666518,0.287666518,1.701,4.8296,3.3326,3.5214,0.4107,0.4107,0,3.16931416,3.38742015,2.60674349,0.128677367,1.255,0,3.135,6.404,0,0,0,0,0
ROUTE8,10/14/2014,11.71797836,0,-0.062889752,0,0,0,0,0,-0.178536828,-0.121161716,0.042554456,-0.003268644,0.377920994,0.399175779,2.30595123,13.01822917,0.368216,0,0,0,0,0.287666518,0.287666518,1.5176,3.6013,4.8296,3.3326,0,0.4107,0.4107,1.65439246,3.16931416,3.38742015,0.128677367,1.255,0,1.994,6.115,0,0,0,0,0
ROUTE8,10/21/2014,11.72139386,0,-0.046171256,0,0,0,0,0,-0.152059684,-0.121161716,0.016077313,-0.004087478,0.551522219,0.377920994,2.25499034,12.74432762,0.368216,0,0,0,0,0,0.287666518,2.1332,4.7402,3.6013,4.8296,0,0,0.4107,2.2468763,1.65439246,3.16931416,0.128677367,1.255,0,0.947,6.129,0,0,0,0,0
ROUTE8,10/28/2014,11.69820099,0,-0.051507682,0,0,0,0,0,-0.165528255,-0.121161716,0.029545883,-0.101447679,0.410676167,0.551522219,1.97641413,13.11517295,0.368216,0,0,0,0,0,0,2.1332,3.5648,4.7402,3.6013,0.0053,0,0,4.03223379,2.2468763,1.65439246,0.128677367,1.255,0,0.947,5.756,0,0,0,0,0
ROUTE8,11/4/2014,11.76310814,0,0,0.006205682,0,0,0,0,-0.180574221,-0.121161716,0.044591849,-0.023943352,0.515672791,0.410676167,1.99876839,13.06332634,0.32076459,0,0,0,0,0,0,2.1473,4.2434,3.5648,4.7402,0.0053,0.0053,0,0,4.03223379,2.2468763,0.128677367,0.602,0,3.814,5.855,0,0,0,0,0
ROUTE8,11/11/2014,11.72351859,0,-0.034493759,0,0,0,0,0,-0.15949943,-0.121161716,0.023517059,-0.015829295,0.378457907,0.515672791,2.01691448,11.29165471,0.32076459,0,0,0,0,0,0,2.1473,3.7488,4.2434,3.5648,1.7145,0.0053,0.0053,2.90407811,0,4.03223379,0.128677367,0.602,0,0,6.429,0,0,0,0,0
ROUTE8,11/18/2014,11.63951406,0.000740262,-0.121676487,0,0,0,0,0,-0.164128536,-0.121161716,0.028146165,-0.016658483,0.405987438,0.378457907,2.00015172,11.26464495,0.32076459,0,0,0,0,0,0,2.1473,4.4021,3.7488,4.2434,1.5148,1.7145,0.0053,0.637743944,2.90407811,0,0.128677367,0.602,0,0,6.03,0,0,0,0,0
ROUTE8,11/25/2014,11.40118911,0.001507262,-0.311039727,0,0,0,0,0,-0.109280797,-0.121161716,0,-0.173266209,0.927512795,0.405987438,1.57716765,9.35615847,0.32076459,0,0,0,0,0,0,2.1473,0.9732,4.4021,3.7488,1.5148,1.5148,1.7145,1.139459387,0.637743944,2.90407811,0.128677367,0.602,0,0,1.571,0,0,0,0,0
ROUTE8,12/2/2014,11.64593422,0.001253611,-0.112707133,0,0,0,0,0,-0.125360011,-0.110539355,0,-0.02060654,0.562745681,0.927512795,1.90634667,2.404367787,0.4166349,0,0,0,0,0,0,2.1473,0.912,0.9732,4.4021,1.5148,1.5148,1.5148,2.78835584,1.139459387,0.637743944,0.128677367,0.305,0,0,1.272,0,0,0,0,0
ROUTE8,12/9/2014,11.48645828,0.000811747,-0.25255973,0,0,0,0,0,-0.140265168,-0.125444512,0,-0.044627923,1.533592237,0.562745681,2.11420239,2.255044148,0.45254945,0,0,0,0,0,0,1.931,0.9732,0.912,0.9732,0,1.5148,1.5148,0,2.78835584,1.139459387,0.128677367,0.157,0,3.349,1.004,0,0,0,0,0
ROUTE8,12/16/2014,11.39130006,0.00059913,-0.33746158,0,0,0,0,0,-0.164627192,-0.143556653,0.006249882,0,1.355051147,1.533592237,1.53705639,1.779783278,0.45254945,0,0,0,0,0,0,1.1038,0,0.9732,0.912,0,0,1.5148,0,0,2.78835584,0.128677367,0.157,0,0,1.24,0,0,0,0,0
ROUTE8,12/23/2014,11.08933203,0.000596262,-0.59694791,0,0,0,0,0,-0.178407263,-0.143556653,0.020029953,-0.114554602,0.759471919,1.355051147,1.83962428,1.61655538,0.45254945,0,0,0,0,0,0,1.1038,2.2993,0,0.9732,0,0,0,0,0,0,0.114090565,0.157,0,0,2.284,0,0,0,0,0
ROUTE8,12/30/2014,11.24786557,0,-0.475831788,0,0,0,0,0,-0.224805486,-0.143556653,0.066428177,-0.114786701,0.457385165,0.759471919,0,0,0.43694067,0,0,0,0,0,0,1.1038,0,2.2993,0,0,0,0,0,0,0,0.114090565,0.115,0,1.032,1.2,0,0,0,0,0
ROUTE8,1/6/2015,11.80668404,0,0,0.010544504,0,0,0,0,-0.198412595,-0.143556653,0.040035285,-0.030467742,0.252793654,0.457385165,1.83925129,0,0.39681834,0,0,0,0,0,0,1.1022,0.9732,0,2.2993,0,0,0,0,0,0,0.114090565,0.003,0,2.056,0.793,0,0,0,0,0
ROUTE8,1/13/2015,11.8266261,0,0,0.086702428,0,0,0,0,-0.171064817,-0.143556653,0.012687508,-0.062333449,0.549262331,0.252793654,1.78929447,0,0.39681834,0,0,0,0,0,0,1.1022,0.1009,0.9732,0,0,0,0,0,0,0,0.114090565,0.003,0,0,0.793,0,0,0,0,0
ROUTE8,1/20/2015,11.8108796,0,0,0.036750746,0,0,0,0,-0.201057717,-0.143556653,0.042680408,-0.091612554,0.547450736,0.549262331,2.50061943,0,0.39681834,0,0,0,0,0,0,1.1022,0.9732,0.1009,0.9732,0,0,0,0,0,0,0.114090565,0.003,0,0,0.793,0,0,0,0,0
ROUTE8,1/27/2015,11.82741499,0,0,0.032493904,0,0,0,0,-0.205486835,-0.143556653,0.047109525,-0.06299446,0.293932093,0.547450736,2.17154851,0,0.39681834,0,0,0,0,0,0,1.1022,0,0.9732,0.1009,0,0,0,0,0,0,0.114090565,0.003,0,0,2.613,0,0,0,0,0
ROUTE8,2/3/2015,11.94198991,0,0,0.072458195,0,0,0,0,-0.241095252,-0.143556653,0.082717943,-0.092066275,0.129211731,0.293932093,2.3443421,0,0.51505446,0,0,0,0,0,0,1.1022,0,0,0.9732,0,0,0,0,0,0,0.114090565,0.24,0,0,2.71,0,0,0,0,0
ROUTE8,2/10/2015,11.94029556,0.001050122,0,0.077223416,0,0,0,0,-0.211469571,-0.143556653,0.053092261,-0.049204157,0.116737557,0.129211731,1.97070744,0,0.53346949,0,0,0,0,0,0,1.1022,3.4914,0,0,0,0,0,0,0,0,0.114090565,0.274,0,0,0,0,0,0,0,0
ROUTE8,2/17/2015,11.84261763,0,0,0.052278967,0,0,0,0,-0.199052252,-0.143556653,0.040674942,-0.044216616,0.182190932,0.116737557,2.07172138,11.22346562,0.53346949,0,0,0,0,0,0,1.1022,0,3.4914,0,0,0,0,0,0,0,0.114090565,0.274,0,0,0,0,0,0,0,0
ROUTE8,2/24/2015,11.93621084,0,0,0.126598069,0,0,0,0,-0.198187501,-0.143556653,0.039810191,-0.007269738,0.184148518,0.182190932,2.21909324,12.03940246,0.53346949,0,0,0,0,0,0,1.2995,0,0,3.4914,0,0,0,1.75586224,0,0,0.114090565,0.274,0,0,0,0,0,0,0,0
ROUTE8,3/3/2015,12.00718869,0,0,0.159978565,0,0,0,0,-0.199731293,-0.143556653,0.041353984,-0.002071681,1.24444364,0.184148518,1.71565347,12.35406753,0.43364512,0,0,0,0,0,0,1.5453,0,0,0,2.2279,0,0,0,1.75586224,0,0.114090565,0.188,0,0,0,0,0,0,0,0
ROUTE8,3/10/2015,11.95325566,0,0,0.154385415,0,0,0,0,-0.158377309,-0.143556653,0,-0.000206975,0.807441029,1.24444364,1.58235348,12.09141748,0.41599411,0,0,0,0,0,0,1.6403,0,0,0,2.2279,2.2279,0,1.247191961,0,1.75586224,0.114090565,0.173,0,0,4.719,0,0,0,0,0
ROUTE8,3/17/2015,11.96581473,0.000414134,0,0.124527771,0,0,0,0,-0.173268227,-0.143556653,0.014890918,0,0.827510907,0.807441029,2.10583764,12.39884933,0.41599411,0,0,0,0,0,0,1.505,2.1935,0,0,0,2.2279,2.2279,3.23553567,1.247191961,0,0.114090565,0.173,0,0,5.369,0,0,0,0,0
ROUTE8,3/24/2015,11.94073898,0.000803631,0,0.110902712,0,0,0,0,-0.18353294,-0.143556653,0.02515563,0,0.230638902,0.827510907,1.56257776,12.56088623,0.41599411,0,0,0,0,0,0,1.382,3.6541,2.1935,0,0,0,2.2279,1.86419408,3.23553567,1.247191961,0.115951415,0.173,0,0,0,0,0,0,0,0
ROUTE8,3/31/2015,11.86322312,0.000268538,0,0.117753419,0,0,0,0,-0.120195956,-0.1053753,0,-0.006424227,0.675755438,0.230638902,2.05999792,12.55960754,0.48978829,0,0,0,0,0,0,1.6246,4.2244,3.6541,2.1935,2.186,0,0,3.51197626,1.86419408,3.23553567,0.115951415,0.827,0,0,0,0,0,0,0,0
ROUTE8,4/7/2015,11.87597008,0,0,0.108847249,0,0,0,0,-0.171730648,-0.1053753,0.051534692,-0.009964791,0.859206075,0.675755438,2.02946136,12.51249665,0.58040523,0,0,0,0,0,0,1.7347,2.001,4.2244,3.6541,2.186,2.186,0,1.247191961,3.51197626,1.86419408,0.115951415,1.321,0,0,0,0,0,0,0,0
ROUTE8,4/14/2015,11.85303394,0,0,0.075010191,0,0,0,0,-0.136722384,-0.1053753,0.016526428,0,0.491518172,0.859206075,1.94919993,12.54180851,0.58040523,0,0,0,0,0,0,1.9176,0,2.001,4.2244,0,2.186,2.186,2.0723814,1.247191961,3.51197626,0.149866738,1.321,0,0,5,0,0,0,0,0
ROUTE8,4/21/2015,11.84775349,0,0,0.087037113,0,0,0,0,-0.114598245,-0.099777589,0,-0.001598721,0.290421264,0.491518172,1.98136017,12.62628678,0.58040523,0,0,0,0,0,0,1.9176,4.3271,0,2.001,0,0,2.186,1.83742266,2.0723814,1.247191961,0.149866738,1.321,0,0,5.251,0,0,0,0,0
ROUTE8,4/28/2015,11.80783883,0,0,0.103019527,0,0,0,0,-0.069868883,-0.055048227,0,0,0.270888237,0.290421264,1.76907405,12.68772601,0.5414796,0,0,0,0,0,0,1.9967,0,4.3271,0,2.186,0,0,4.45796044,1.83742266,2.0723814,0.150266019,1.317,0,0,5.387,0,0,0,0,0
ROUTE8,5/5/2015,11.81408136,0,0,0.122527429,0,0,0,0,-0.054802431,-0.055048227,0,0,0.290421264,0.270888237,1.5398262,12.56617571,0.26946225,0,0,0,0,0,0,1.9345,2.001,0,4.3271,2.186,2.186,0,0,4.45796044,1.83742266,0.15544222,1.289,0,0,5.544,0,0,0,0,0
ROUTE8,5/12/2015,11.91271449,0.002366027,0,0.121720528,0,0,0,0,-0.10650962,-0.068879273,0.022809691,-0.008575185,0.218745178,0.290421264,1.50476439,12.60156918,0.26946225,0,0,0,0,0,0,1.9345,4.2244,2.001,0,0,2.186,2.186,2.29400587,0,4.45796044,0.15544222,1.289,0,0,5.455,0,0,0,0,0
ROUTE8,5/19/2015,11.91513862,0.003712452,0,0.112236213,0,0,0,0,-0.13871918,-0.068879273,0.05501925,0,4.871235094,0.218745178,1.46945425,12.57291052,0.26946225,0,0,0,0,0,0,1.5416,0,4.2244,2.001,0,0,2.186,1.247191961,2.29400587,0,0.160196588,1.289,0,0,5.649,0,0,0,0,0
ROUTE8,5/26/2015,11.82409455,0.003309531,0,0.039247303,0,0,0,0,-0.154011713,-0.068879273,0.070311783,-0.072315721,5.314417469,4.871235094,1.70960588,12.65717806,0.26946225,0,0,0,0,0,0,1.5416,0,0,4.2244,2.186,0,0,0,1.247191961,2.29400587,0.160196588,1.289,0,0,5.185,0,0,0,0,0
ROUTE8,6/2/2015,11.92070123,0.002070316,0,0.130707076,0,0,0,0,-0.149026364,-0.068879273,0.065326434,0,3.836363312,5.314417469,1.59151648,12.58700596,0.39025345,0,0,0,0,0,0,1.3949,0,0,0,2.186,2.186,0,4.24918229,0,1.247191961,0.195533209,0.649,0,0,5.443,0,0,0,0,0
ROUTE8,6/9/2015,11.86213058,0.000804238,0,0.101723313,0,0,0,0,-0.116187064,-0.068879273,0.032487134,0,1.55962842,3.836363312,2.72131178,12.73610051,0.43476055,0.154141905,0,0,0,0,0,1.6248,4.2244,0,0,0,2.186,2.186,2.9502053,4.24918229,0,0.213493802,0.205,0,0,5.64,0,0,0,0,0
ROUTE8,6/16/2015,11.77216948,0,0,0.060722232,0,0,0,0,-0.085551116,-0.068879273,0.001851187,0,1.479036413,1.55962842,2.8743574,12.13300894,0.43476055,0.154141905,0.154141905,0,0,0,0,1.8396,0,4.2244,0,0,0,2.186,3.56966358,2.9502053,4.24918229,0.221332588,0.205,0,0,4.931,0,0,0,0,0
ROUTE8,6/23/2015,11.75359454,0,0,0.016366917,0,0,0,0,-0.083699929,-0.068879273,0,0,1.27578302,1.479036413,2.89031151,4.658372372,0.43476055,0.154141905,0.154141905,0.154141905,0,0,0,1.7642,0,0,4.2244,0,0,0,2.23530532,3.56966358,2.9502053,0.226154555,0.205,0,0,5.431,0,0,0,0,0
ROUTE8,6/30/2015,11.73218147,0,-0.006087643,0,0,0,0,0,-0.110416155,-0.095595499,0,-0.167592452,1.02827503,1.27578302,2.84657043,3.765344341,0.57382335,0.154141905,0.154141905,0.154141905,0.154141905,0,0,1.7642,0,0,0,0,0,0,2.67593846,2.23530532,3.56966358,0.226154555,0.192,0,0,5.407,0,0,0,0,0
ROUTE8,7/7/2015,11.85762803,0,0,0.084104465,0,0,0,0,-0.14748008,-0.132659424,0,0,1.098089686,1.02827503,2.91493807,3.509410966,0.73347501,0.154141905,0.154141905,0.154141905,0.154141905,0.154141905,0,1.5674,0,0,0,0,0,0,0,2.67593846,2.23530532,0.226154555,0.173,0,0,5.973,0,0,0,0,0
ROUTE8,7/14/2015,11.8697254,0,0,0.072291336,0,0,0,0,-0.183529993,-0.223256951,0,0,1.143064051,1.098089686,2.84549084,6.97143406,0.73347501,0.154141905,0.154141905,0.154141905,0.154141905,0.154141905,0.154141905,1.2229,3.2593,0,0,0,0,0,0,0,2.67593846,0.232057542,0.173,0,0,5.684,0,0,0,0,0
ROUTE8,7/21/2015,11.84192701,0,0,0.00879252,0,0,0,0,-0.158315976,-0.223256951,0,0,1.263675002,1.143064051,2.73056443,8.21563433,0.73347501,0.154141905,0.154141905,0.154141905,0.154141905,0.154141905,0.154141905,1.0957,0,3.2593,0,0,0,0,0,0,0,0.232057542,0.173,0,0,0,0,0,0,0,0
ROUTE8,7/28/2015,11.85535847,0,0,0.022097315,0,0,0,0,-0.191535277,-0.223256951,0,0,1.154245681,1.263675002,2.50965051,2.78147767,0.73347501,0.154141905,0.154141905,0.154141905,0.154141905,0.154141905,0.154141905,1.0957,0,0,3.2593,0,0,0,0,0,0,0.232057542,0.173,0,0,0,0,0,0,0,0
ROUTE8,8/4/2015,11.83891437,0,0,0.00478196,0,0,0,0,-0.206588688,-0.223256951,0,0,2.011658473,1.154245681,2.56859233,2.48490665,0.44421663,0.287666617,0.154141905,0.154141905,0.154141905,0.154141905,0.154141905,1.0957,0,0,0,0,0,0,0,0,0,0.232057542,0.906,0,0,0,0,0,0,0,0
ROUTE8,8/11/2015,11.83884219,0,-0.017416718,0,0,0,0,0,-0.227805613,-0.223256951,0,0,1.374469233,2.011658473,2.42713152,2.934996039,0.44421663,0.287666617,0.287666617,0.154141905,0.154141905,0.154141905,0.154141905,1.4073,2.001,0,0,0,0,0,0,0,0,0.232057542,0.906,0,0,2.675,0,0,0,0,0
ROUTE8,8/18/2015,11.79581608,0,-0.030611658,0,0,0,0,0,-0.242279644,-0.223256951,0.004202037,0,1.623291352,1.374469233,2.05984706,2.799021979,0.44421663,0.287666617,0.287666617,0.287666617,0.154141905,0.154141905,0.154141905,1.4073,0,2.001,0,0,0,0,0,0,0,0.232057542,0.906,0,0,3.378,0,0,0,0,0
ROUTE8,8/25/2015,11.76039473,0,-0.056701223,0,0,0,0,0,-0.244047347,-0.223256951,0.005969741,0,1.047153991,1.623291352,1.9977775,3.160035325,0.44421663,0.287666617,0.287666617,0.287666617,0.287666617,0.154141905,0.154141905,1.4073,2.001,0,2.001,0,0,0,1.44580024,0,0,0.231689625,0.906,0,0,3.378,0,0,0,0,0
ROUTE8,9/1/2015,11.82199714,0,-0.017200999,0,0,0,0,0,-0.238077607,-0.223256951,0,0,1.038314155,1.047153991,1.97340141,2.567692844,0.50297001,0,0.287666617,0.287666617,0.287666617,0.287666617,0.154141905,1.4073,0,2.001,0,0,0,0,1.101580121,1.44580024,0,0.154846332,1.535,0,0,3.378,0,0,0,0,0
ROUTE8,9/8/2015,11.81058262,0,0,0.020788853,0,0,0,0,-0.258395453,-0.243574797,0,-0.195695616,0.861526646,1.038314155,1.39034554,2.499677967,0.54487512,0,0,0.287666617,0.287666617,0.287666617,0.287666617,1.4352,3.2593,0,2.001,0,0,0,0,1.101580121,1.44580024,0.141847449,1.836,0,0,3.347,0,0,0,0,0
ROUTE8,9/15/2015,11.89879992,0,0,0.029701692,0,0,0,0,-0.265208909,-0.247882996,0.002505258,-0.030450907,0.680131812,0.861526646,1.19395743,5.775992388,0.54487512,0,0,0,0.287666617,0.287666617,0.287666617,1.9163,2.001,3.2593,0,0,0,0,0,0,1.101580121,0.141847449,1.836,0,0,1.53,0,0,0,0,0
ROUTE8,9/22/2015,11.88021784,0,-0.003195099,0,0,0,0,0,-0.263986218,-0.247882996,0.001282566,-0.032944156,1.379807852,0.680131812,0.83512924,2.921624302,0.54487512,0,0,0,0,0.287666617,0.287666617,1.9163,0,2.001,3.2593,0,0,0,2.65039381,0,0,0.141847449,1.836,0,0,1.53,0,0,0,0,0
ROUTE8,9/29/2015,11.90573077,0,0,0.025923451,0,0,0,0,-0.275671527,-0.247882996,0.012967875,-0.00403389,1.212323421,1.379807852,1.22648574,2.448539006,0.46312434,0,0,0,0,0,0.287666617,1.9163,2.001,0,2.001,1.9419,0,0,3.18346882,2.65039381,0,0.141847449,1.572,0,0.993,5.722,0,0,0,0,0
ROUTE8,10/6/2015,11.92601477,0,0,0.018049669,0,0,0,0,-0.284208539,-0.247882996,0.021504887,-0.000805477,1.011600912,1.212323421,1.39219701,1.961100315,0.22364389,0,0,0,0,0,0,1.9163,4.6725,2.001,0,1.9419,1.9419,0,2.13892281,3.18346882,2.65039381,0.141847449,0.173,0,0,5.849,0,0,0,0,0
ROUTE8,10/13/2015,11.80919308,0,-0.062889752,0,0,0,0,0,-0.266848704,-0.247882996,0.004145052,0,0.909370289,1.011600912,0.62620604,2.951929651,0.22364389,0,0,0,0,0,0,1.6788,4.3271,4.6725,2.001,2.6847,1.9419,1.9419,0,2.13892281,3.18346882,0.141847449,0.173,0,0,5.976,0,0,0,0,0
ROUTE8,10/20/2015,11.84510995,0,-0.046171256,0,0,0,0,0,-0.279727458,-0.247882996,0.017023806,-0.000201309,1.045777908,0.909370289,0.30435554,2.864239618,0.22364389,0,0,0,0,0,0,1.9021,0,4.3271,4.6725,2.6847,2.6847,1.9419,2.78570703,0,2.13892281,0.141847449,0.173,0,0.993,6.485,0,0,0,0,0
ROUTE8,10/27/2015,11.82290704,0,-0.051507682,0,0,0,0,0,-0.262703652,-0.247882996,0,-0.061002109,0.653989161,1.045777908,0.86739419,2.273597556,0.22364389,0,0,0,0,0,0,2.1117,2.867,0,4.3271,2.0388,2.6847,2.6847,4.39729064,2.78570703,0,0.141847449,0.173,0,0,6.075,0,0,0,0,0
ROUTE8,11/3/2015,11.932208,0,0,0.006205682,0,0,0,0,-0.305378022,-0.247882996,0.04267437,-0.016438726,0.613235081,0.653989161,1.31835597,11.6114616,0.07785942,0,0,0,0,0,0,1.9535,0.912,2.867,0,2.0388,2.0388,2.6847,0,4.39729064,2.78570703,0.141847449,0.559,0,0,6.368,0,0,0,0,0
ROUTE8,11/10/2015,11.89127971,0,-0.034493759,0,0,0,0,0,-0.298326104,-0.247882996,0.035622452,-0.015825041,0.928751952,0.613235081,1.08308004,11.46044048,0.05135342,0,0,0,0,0,0,1.7741,0,0.912,2.867,2.0388,2.0388,2.0388,2.13892281,0,4.39729064,0.141847449,0.611,0,0,6.245,0,0,0,0,0
ROUTE8,11/17/2015,11.78135591,0,-0.121676487,0,0,0,0,0,-0.343201972,-0.247882996,0.08049832,-0.011336154,0.799016971,0.928751952,0.66667311,10.98130719,0.05135342,0,0,0,0,0,0,1.5161,2.682,0,0.912,2.0388,2.0388,2.0388,1.247191961,2.13892281,0,0.141847449,0.611,0,0,5.858,0,0,0,0,0
ROUTE8,11/24/2015,11.48516365,0,-0.311039727,0,0,0,0,0,-0.293688593,-0.247882996,0.030984941,-0.171032858,0.689614302,0.799016971,0,10.00435854,0.05135342,0,0,0,0,0,0,1.0957,0,2.682,0,0,2.0388,2.0388,1.86419408,1.247191961,2.13892281,0.141847449,0.611,0,0,5.968,0,0,0,0,0
ROUTE8,12/1/2015,11.78121827,0,-0.112707133,0,0,0,0,0,-0.293678975,-0.247882996,0.030975323,-0.001006948,0.776920562,0.689614302,0.347363434,9.87634023,0.23907415,0,0,0,0,0,0,1.0957,4.1368,0,2.682,0,0,2.0388,4.28986061,1.86419408,1.247191961,0.141847449,0.441,0,0,5.995,0,0,0,0,0
ROUTE8,12/8/2015,11.59972682,0,-0.25255973,0,0,0,0,0,-0.27289857,-0.247882996,0.010194918,-0.028585041,3.044522438,0.776920562,0.941204277,8.85622847,0.35984418,0,0,0,0,0,0,1.0957,4.9609,4.1368,0,0,0,0,1.54110441,4.28986061,1.86419408,0.141847449,0.291,0,0,1.574,0,0,0,0,0
ROUTE8,12/15/2015,11.55294394,0,-0.33746158,0,0,0,0,0,-0.313210224,-0.247882996,0.050506572,0,4.131196303,3.044522438,1.52923259,7.83443472,0.35984418,0,0,0,0,0,0,1.0957,2.682,4.9609,4.1368,0,0,0,2.50263479,1.54110441,4.28986061,0.154250088,0.291,0,0,1.279,0,0,0,0,0
ROUTE8,12/22/2015,11.27668401,0,-0.59694791,0,0,0,0,0,-0.310340983,-0.247882996,0.047637331,-0.099414016,4.756012668,4.131196303,1.546449873,0,0.35984418,3.018286738,0,0,0,0,0,1.0957,0,2.682,4.9609,0,0,0,2.50263479,2.50263479,1.54110441,0.154250088,0.291,0,0,1.987,0,0,0,0,0
